{"gold_per_floor":[18,34,54,72,91,91,103,132,132,144,171,171,205,227,227,227],"floor_reached":16,"playtime":736,"items_purged":[],"score":248,"play_id":"16c8957e-2007-4071-9f5e-6dd38046b502","local_time":"20231230162005","is_ascension_mode":true,"campfire_choices":[{"data":"Bash","floor":6,"key":"SMITH"},{"data":"Inflame","floor":12,"key":"SMITH"},{"floor":15,"key":"REST"}],"neow_cost":"NO_GOLD","seed_source_timestamp":1490309119541000,"circlet_count":0,"master_deck":["AscendersBane","Strike_R","Strike_R","Strike_R","Strike_R","Strike_R","Defend_R","Defend_R","Defend_R","Defend_R","Bash+1","Feel No Pain","Rampage","Inflame+1","Pommel Strike","Twin Strike","Dark Embrace","Bloodletting","Burning Pact"],"relics":["Burning Blood","Nunchaku","Ancient Tea Set","White Beast Statue","Vajra","Odd Mushroom"],"potions_floor_usage":[8,8,14,16,16,16,16],"damage_taken":[{"damage":8,"enemies":"Cultist","floor":1,"turns":5},{"damage":9,"enemies":"Small Slimes","floor":2,"turns":4},{"damage":9,"enemies":"2 Louse","floor":3,"turns":2},{"damage":7,"enemies":"2 Fungi Beasts","floor":4,"turns":4},{"damage":20,"enemies":"3 Louse","floor":5,"turns":4},{"damage":14,"enemies":"Blue Slaver","floor":7,"turns":5},{"damage":11,"enemies":"Gremlin Nob","floor":8,"turns":3},{"damage":1,"enemies":"2 Fungi Beasts","floor":10,"turns":3},{"damage":25,"enemies":"Lagavulin","floor":11,"turns":7},{"damage":15,"enemies":"3 Sentries","floor":13,"turns":8},{"damage":19,"enemies":"The Mushroom Lair","floor":14,"turns":5},{"damage":39,"enemies":"Hexaghost","floor":16,"turns":7}],"seed_played":"4549698151259899596","potions_obtained":[{"floor":1,"key":"Weak Potion"},{"floor":2,"key":"PowerPotion"},{"floor":4,"key":"BlessingOfTheForge"},{"floor":10,"key":"SpeedPotion"},{"floor":11,"key":"EntropicBrew"},{"floor":13,"key":"SteroidPotion"},{"floor":14,"key":"LiquidMemories"}],"is_trial":false,"path_per_floor":["M","M","M","M","M","R","M","E","T","M","E","R","E","?","R","B"],"character_chosen":"IRONCLAD","items_purchased":[],"campfire_rested":1,"item_purchase_floors":[],"current_hp_per_floor":[80,77,74,73,59,59,51,46,46,51,32,32,23,10,36,0],"gold":227,"neow_bonus":"TWENTY_PERCENT_HP_BONUS","is_prod":false,"is_daily":false,"chose_seed":false,"campfire_upgraded":2,"win_rate":0,"timestamp":1703982005,"path_taken":["M","?","M","M","M","R","M","E","T","M","E","R","E","?","R","BOSS"],"build_version":"2022-12-18","purchased_purges":0,"victory":false,"max_hp_per_floor":[89,89,89,89,89,89,89,89,89,89,89,89,89,89,89,89],"card_choices":[{"not_picked":["Combust","Iron Wave"],"picked":"Feel No Pain","floor":1},{"not_picked":["Clash","Warcry"],"picked":"Rampage","floor":2},{"not_picked":["Iron Wave","Wild Strike"],"picked":"Inflame","floor":3},{"not_picked":["Perfected Strike","Body Slam"],"picked":"Pommel Strike","floor":4},{"not_picked":["Headbutt","Cleave","Feel No Pain"],"picked":"SKIP","floor":5},{"not_picked":["Clash","True Grit"],"picked":"Twin Strike","floor":7},{"not_picked":["Intimidate","Demon Form","Limit Break"],"picked":"SKIP","floor":8},{"not_picked":["Iron Wave","Cleave","Warcry"],"picked":"SKIP","floor":10},{"not_picked":["Bludgeon","Pommel Strike"],"picked":"Dark Embrace","floor":11},{"not_picked":["Intimidate","Clothesline"],"picked":"Bloodletting","floor":13},{"not_picked":["Seeing Red","Perfected Strike"],"picked":"Burning Pact","floor":14}],"player_experience":1137532,"relics_obtained":[{"floor":8,"key":"Nunchaku"},{"floor":9,"key":"Ancient Tea Set"},{"floor":11,"key":"White Beast Statue"},{"floor":13,"key":"Vajra"},{"floor":14,"key":"Odd Mushroom"}],"event_choices":[{"damage_healed":0,"gold_gain":0,"player_choice":"Fought Mushrooms","damage_taken":0,"max_hp_gain":0,"max_hp_loss":0,"event_name":"Mushrooms","floor":14,"gold_loss":0}],"is_beta":false,"boss_relics":[],"items_purged_floors":[],"is_endless":false,"potions_floor_spawned":[1,2,4,7,10,11,13,14],"killed_by":"Hexaghost","ascension_level":20}