{"gold_per_floor":[17,32,43,62,72,72,102,102,102,135,148,73,73,99,99,178,178,196,208,208,220,37,66,66,91,115,21,32,49,49,67,67,138,138,149,168,180,180,180,211,229,229,283,316,335,364,364,364,364,364,364,364,364,104,137,137],"floor_reached":57,"playtime":4674,"items_purged":["Strike_R+1"],"score":2908,"play_id":"855a308e-4763-4cea-a88f-baefff7667df","local_time":"20231230175736","is_ascension_mode":true,"campfire_choices":[{"data":"Inflame","floor":6,"key":"SMITH"},{"data":"Anger","floor":8,"key":"SMITH"},{"floor":13,"key":"DIG"},{"floor":15,"key":"DIG"},{"floor":24,"key":"DIG"},{"floor":30,"key":"DIG"},{"floor":32,"key":"REST"},{"floor":42,"key":"DIG"},{"floor":47,"key":"RECALL"},{"floor":49,"key":"REST"},{"floor":53,"key":"REST"}],"neow_cost":"NO_GOLD","seed_source_timestamp":1492200898163000,"circlet_count":0,"master_deck":["AscendersBane","Strike_R+1","Defend_R+1","Defend_R+1","Defend_R+1","Defend_R+1","Bash","Inflame+1","Anger+1","Twin Strike","Cleave","Disarm","Shrug It Off","Ghostly Armor","Inflame","Burning Pact","Corruption","Battle Trance+1","Seeing Red","Apotheosis","Dark Embrace","Offering","Dark Embrace","Shrug It Off","Feed","Sword Boomerang","True Grit","Bloodletting","Offering","Uppercut","Shrug It Off","Feel No Pain","Battle Trance+1","Madness+1","Madness+1","True Grit+1","Offering","Burning Pact","Dark Embrace","Shrug It Off+1"],"relics":["Burning Blood","Pear","Shovel","Prayer Wheel","Ice Cream","White Beast Statue","Fusion Hammer","Boot","Shuriken","Juzu Bracelet","Potion Belt","Kunai","Runic Cube","HornCleat","Torii","War Paint","Vajra","Mercury Hourglass"],"potions_floor_usage":[11,16,19,23,23,33,33,36,51,56,56,56,56],"damage_taken":[{"damage":9,"enemies":"Small Slimes","floor":1,"turns":5},{"damage":1,"enemies":"2 Louse","floor":2,"turns":4},{"damage":1,"enemies":"Cultist","floor":3,"turns":4},{"damage":16,"enemies":"Lots of Slimes","floor":4,"turns":5},{"damage":2,"enemies":"2 Fungi Beasts","floor":5,"turns":3},{"damage":40,"enemies":"3 Sentries","floor":7,"turns":7},{"damage":1,"enemies":"Gremlin Nob","floor":10,"turns":3},{"damage":0,"enemies":"Red Slaver","floor":11,"turns":3},{"damage":6,"enemies":"Lagavulin","floor":14,"turns":6},{"damage":23,"enemies":"The Guardian","floor":16,"turns":12},{"damage":20,"enemies":"Spheric Guardian","floor":18,"turns":5},{"damage":17,"enemies":"Shell Parasite","floor":19,"turns":4},{"damage":14,"enemies":"Centurion and Healer","floor":21,"turns":5},{"damage":14,"enemies":"Slavers","floor":23,"turns":5},{"damage":8,"enemies":"Book of Stabbing","floor":25,"turns":5},{"damage":6,"enemies":"3 Cultists","floor":28,"turns":4},{"damage":33,"enemies":"Shelled Parasite and Fungi","floor":29,"turns":4},{"damage":6,"enemies":"Centurion and Healer","floor":31,"turns":3},{"damage":15,"enemies":"Collector","floor":33,"turns":5},{"damage":23,"enemies":"3 Darklings","floor":35,"turns":4},{"damage":6,"enemies":"3 Shapes","floor":36,"turns":3},{"damage":9,"enemies":"Sphere and 2 Shapes","floor":37,"turns":4},{"damage":23,"enemies":"Reptomancer","floor":40,"turns":4},{"damage":15,"enemies":"Writhing Mass","floor":41,"turns":7},{"damage":9,"enemies":"Giant Head","floor":44,"turns":3},{"damage":6,"enemies":"Maw","floor":45,"turns":5},{"damage":31,"enemies":"Reptomancer","floor":46,"turns":5},{"damage":28,"enemies":"Donu and Deca","floor":50,"turns":7},{"damage":33,"enemies":"Awakened One","floor":51,"turns":6},{"damage":5,"enemies":"Shield and Spear","floor":55,"turns":5},{"damage":35,"enemies":"The Heart","floor":56,"turns":6}],"seed_played":"6969399773912258778","potions_obtained":[{"floor":3,"key":"BloodPotion"},{"floor":10,"key":"AttackPotion"},{"floor":14,"key":"ElixirPotion"},{"floor":16,"key":"SpeedPotion"},{"floor":18,"key":"ElixirPotion"},{"floor":19,"key":"SteroidPotion"},{"floor":21,"key":"DuplicationPotion"},{"floor":23,"key":"SneckoOil"},{"floor":25,"key":"Dexterity Potion"},{"floor":28,"key":"AttackPotion"},{"floor":29,"key":"ElixirPotion"},{"floor":33,"key":"BloodPotion"},{"floor":35,"key":"SteroidPotion"},{"floor":36,"key":"SteroidPotion"},{"floor":37,"key":"PowerPotion"},{"floor":41,"key":"Ancient Potion"},{"floor":44,"key":"GamblersBrew"}],"is_trial":false,"path_per_floor":["M","M","M","M","M","R","E","R","T","E","M","?","R","E","R","B",null,"M","M","?","M","$","E","R","E","T","$","M","M","R","M","R","B",null,"M","M","M","?","?","E","M","R","T","E","M","E","R","?","R","B","B",null,"R","$","E","B",null],"character_chosen":"IRONCLAD","items_purchased":["Apotheosis","Dark Embrace","Shrug It Off","Burning Pact","Dark Embrace","PowerPotion"],"campfire_rested":3,"item_purchase_floors":[22,27,27,54,54,54],"current_hp_per_floor":[65,70,75,65,69,69,45,45,45,50,56,56,56,56,56,39,74,60,66,66,58,58,50,50,48,48,48,48,24,24,28,55,50,85,72,96,97,97,78,65,60,60,60,61,65,44,44,44,82,64,41,112,136,136,140,115],"gold":137,"neow_bonus":"REMOVE_TWO","is_prod":false,"is_daily":false,"chose_seed":false,"campfire_upgraded":2,"win_rate":0,"timestamp":1703987856,"path_taken":["M","M","M","M","M","R","E","R","T","E","M","?","R","E","R","BOSS","M","M","?","M","$","E","R","E","T","$","M","M","R","M","R","BOSS","M","M","M","?","?","E","M","R","T","E","M","E","R","?","R","BOSS","BOSS","R","$","E","BOSS"],"build_version":"2022-12-18","purchased_purges":1,"victory":true,"max_hp_per_floor":[75,75,75,75,75,75,85,85,85,85,85,85,85,85,85,85,85,85,85,85,85,85,85,85,85,85,85,85,88,88,92,92,96,96,100,104,108,108,108,112,116,116,116,120,124,128,128,128,128,132,136,136,136,136,140,144],"card_choices":[{"not_picked":["Warcry","Havoc"],"picked":"Inflame","floor":1},{"not_picked":["Clash","Pommel Strike"],"picked":"Anger","floor":2},{"not_picked":["Metallicize","Havoc"],"picked":"Twin Strike","floor":3},{"not_picked":["Headbutt","Barricade"],"picked":"Cleave","floor":4},{"not_picked":["Pommel Strike","Flame Barrier"],"picked":"Disarm","floor":5},{"not_picked":["True Grit","Spot Weakness"],"picked":"Shrug It Off","floor":7},{"not_picked":["Twin Strike","Evolve"],"picked":"Ghostly Armor","floor":10},{"not_picked":["Evolve","Whirlwind"],"picked":"Inflame","floor":11},{"not_picked":["Blood for Blood","Iron Wave"],"picked":"Burning Pact","floor":11},{"not_picked":["Evolve","Thunderclap","Body Slam"],"picked":"SKIP","floor":14},{"not_picked":["Berserk","Fiend Fire"],"picked":"Corruption","floor":16},{"not_picked":["Iron Wave","Perfected Strike","Searing Blow"],"picked":"SKIP","floor":18},{"not_picked":["Anger","Dropkick","Rupture"],"picked":"SKIP","floor":18},{"not_picked":["Rampage+1","Heavy Blade"],"picked":"Battle Trance+1","floor":19},{"not_picked":["Twin Strike","Pommel Strike"],"picked":"Seeing Red","floor":19},{"not_picked":["Havoc+1","Cleave"],"picked":"Headbutt","floor":21},{"not_picked":["Entrench+1","Sword Boomerang","Cleave"],"picked":"SKIP","floor":21},{"not_picked":["Clothesline","Demon Form"],"picked":"Dark Embrace","floor":23},{"not_picked":["Twin Strike","Havoc"],"picked":"Offering","floor":25},{"not_picked":["Pommel Strike","Flex"],"picked":"Feed","floor":28},{"not_picked":["Headbutt","Cleave","Body Slam"],"picked":"SKIP","floor":28},{"not_picked":["Pommel Strike","Flex"],"picked":"Sword Boomerang","floor":29},{"not_picked":["Cleave","Infernal Blade"],"picked":"True Grit","floor":29},{"not_picked":["Headbutt","Brutality"],"picked":"Bloodletting","floor":31},{"not_picked":["Cleave","Sword Boomerang","True Grit"],"picked":"SKIP","floor":31},{"not_picked":["Immolate","Juggernaut"],"picked":"Offering","floor":33},{"not_picked":["Heavy Blade","Wild Strike"],"picked":"Uppercut","floor":35},{"not_picked":["True Grit","Body Slam"],"picked":"Shrug It Off","floor":35},{"not_picked":["Warcry+1","True Grit"],"picked":"Feel No Pain","floor":36},{"not_picked":["Havoc+1","Metallicize","Anger"],"picked":"SKIP","floor":36},{"not_picked":["Searing Blow","Shrug It Off"],"picked":"Battle Trance+1","floor":37},{"not_picked":["Intimidate","Iron Wave","Evolve+1"],"picked":"SKIP","floor":37},{"not_picked":["Metallicize+1","Twin Strike"],"picked":"True Grit+1","floor":40},{"not_picked":["Twin Strike","Ghostly Armor"],"picked":"Offering","floor":41},{"not_picked":["Body Slam","Pommel Strike+1","Whirlwind"],"picked":"SKIP","floor":41},{"not_picked":["Havoc","Cleave","Demon Form"],"picked":"SKIP","floor":44},{"not_picked":["Perfected Strike","Sentinel","Pommel Strike"],"picked":"SKIP","floor":45},{"not_picked":["Second Wind","Twin Strike+1","Anger"],"picked":"SKIP","floor":45},{"not_picked":["Sever Soul","Clash+1","Sentinel"],"picked":"SKIP","floor":46},{"not_picked":["Battle Trance","Uppercut"],"picked":"Shrug It Off+1","floor":55}],"player_experience":1139235,"relics_obtained":[{"floor":7,"key":"Pear"},{"floor":9,"key":"Shovel"},{"floor":10,"key":"Prayer Wheel"},{"floor":13,"key":"Ice Cream"},{"floor":14,"key":"White Beast Statue"},{"floor":23,"key":"Boot"},{"floor":24,"key":"Shuriken"},{"floor":25,"key":"Juzu Bracelet"},{"floor":26,"key":"Potion Belt"},{"floor":30,"key":"Kunai"},{"floor":40,"key":"HornCleat"},{"floor":42,"key":"Torii"},{"floor":44,"key":"War Paint"},{"floor":46,"key":"Vajra"},{"floor":55,"key":"Mercury Hourglass"}],"event_choices":[{"cards_removed":["Strike_R"],"damage_healed":0,"gold_gain":0,"player_choice":"Card Removal","damage_taken":0,"max_hp_gain":0,"max_hp_loss":0,"event_name":"The Cleric","floor":12,"gold_loss":75},{"damage_healed":0,"gold_gain":0,"player_choice":"Simplicity","damage_taken":0,"max_hp_gain":0,"max_hp_loss":0,"event_name":"Back to Basics","floor":20,"gold_loss":0,"cards_upgraded":["Strike_R","Strike_R","Defend_R","Defend_R","Defend_R","Defend_R"]},{"cards_removed":["Headbutt"],"damage_healed":0,"gold_gain":0,"player_choice":"Removed Attack","damage_taken":0,"max_hp_gain":0,"max_hp_loss":0,"event_name":"Falling","floor":38,"gold_loss":0},{"damage_healed":0,"gold_gain":0,"player_choice":"Embrace Madness","damage_taken":19,"max_hp_gain":0,"max_hp_loss":0,"event_name":"Winding Halls","floor":39,"gold_loss":0,"cards_obtained":["Madness","Madness"]},{"damage_healed":0,"gold_gain":0,"player_choice":"Ignored","damage_taken":0,"max_hp_gain":0,"max_hp_loss":0,"event_name":"SecretPortal","floor":48,"gold_loss":0}],"is_beta":false,"boss_relics":[{"not_picked":["Busted Crown","Runic Pyramid"],"picked":"Fusion Hammer"},{"not_picked":["SlaversCollar","Astrolabe"],"picked":"Runic Cube"}],"items_purged_floors":[54],"is_endless":false,"potions_floor_spawned":[3,10,14,16,18,19,21,23,25,28,29,31,33,35,36,37,40,41,44,45,46,55],"ascension_level":20}