{"gold_per_floor":[110,125,50,68,81,81,113,138,164,164,182,182],"floor_reached":12,"playtime":394,"items_purged":["Strike_R"],"score":160,"play_id":"68ad1d39-9253-49a3-9644-149ee9eb0d67","local_time":"20240106210724","is_ascension_mode":true,"campfire_choices":[{"data":"Hemokinesis","floor":6,"key":"SMITH"},{"floor":10,"key":"REST"}],"neow_cost":"NONE","seed_source_timestamp":2112734860612300,"circlet_count":0,"master_deck":["AscendersBane","Strike_R","Strike_R","Strike_R","Strike_R","Defend_R","Defend_R","Defend_R","Defend_R","Bash","Hemokinesis+1","Combust","Iron Wave","Pommel Strike","Uppercut","Evolve"],"relics":["Burning Blood","Dream Catcher","Bronze Scales","Odd Mushroom","Potion Belt"],"potions_floor_usage":[7],"damage_taken":[{"damage":10,"enemies":"2 Louse","floor":1,"turns":4},{"damage":4,"enemies":"Jaw Worm","floor":2,"turns":3},{"damage":5,"enemies":"Cultist","floor":4,"turns":3},{"damage":18,"enemies":"Blue Slaver","floor":5,"turns":5},{"damage":33,"enemies":"Lagavulin","floor":7,"turns":6},{"damage":16,"enemies":"The Mushroom Lair","floor":8,"turns":5},{"damage":16,"enemies":"Red Slaver","floor":11,"turns":2},{"damage":30,"enemies":"Gremlin Nob","floor":12,"turns":3}],"seed_played":"-1071758875810316156","potions_obtained":[{"floor":1,"key":"Strength Potion"},{"floor":4,"key":"HeartOfIron"}],"is_trial":false,"path_per_floor":["M","M","$","M","M","R","E","?","T","R","M","E"],"character_chosen":"IRONCLAD","items_purchased":[],"campfire_rested":1,"item_purchase_floors":[],"current_hp_per_floor":[64,66,66,67,55,55,28,18,18,40,30,0],"gold":182,"neow_bonus":"RANDOM_COMMON_RELIC","is_prod":false,"is_daily":false,"chose_seed":false,"campfire_upgraded":1,"win_rate":0,"timestamp":1704604044,"path_taken":["M","M","$","M","M","R","E","?","T","R","M","E"],"build_version":"2022-12-18","purchased_purges":1,"victory":false,"max_hp_per_floor":[75,75,75,75,75,75,75,75,75,75,75,75],"card_choices":[{"not_picked":["Disarm","Pummel"],"picked":"Hemokinesis","floor":1},{"not_picked":["Rupture","Intimidate","Iron Wave"],"picked":"SKIP","floor":2},{"not_picked":["Seeing Red","Havoc"],"picked":"Combust","floor":4},{"not_picked":["Perfected Strike","Wild Strike"],"picked":"Iron Wave","floor":5},{"not_picked":["Second Wind","Infernal Blade"],"picked":"Pommel Strike","floor":7},{"not_picked":["Perfected Strike","Intimidate"],"picked":"Uppercut","floor":8},{"not_picked":["Iron Wave","Spot Weakness"],"picked":"Evolve","floor":10},{"not_picked":["Headbutt","Entrench","Perfected Strike"],"picked":"SKIP","floor":11}],"player_experience":1195465,"relics_obtained":[{"floor":7,"key":"Bronze Scales"},{"floor":8,"key":"Odd Mushroom"},{"floor":9,"key":"Potion Belt"}],"event_choices":[{"damage_healed":0,"gold_gain":0,"player_choice":"Fought Mushrooms","damage_taken":0,"max_hp_gain":0,"max_hp_loss":0,"event_name":"Mushrooms","floor":8,"gold_loss":0}],"is_beta":false,"boss_relics":[],"items_purged_floors":[3],"is_endless":false,"potions_floor_spawned":[1,4],"killed_by":"Gremlin Nob","ascension_level":20}