{"gold_per_floor":[218,235,248,18,28,28,57,73,73,73,73,96,130,153,153,243,243,266,181,196,219,232,232,256,256,281,316,316,340,373,373,373,467,467,490,217,231,250,266,266,304,304,330,350,373,391,391,291,291,291,291,291,291,36,80,80],"floor_reached":56,"playtime":3981,"items_purged":["Strike_R","Strike_R","Strike_R"],"score":1920,"play_id":"fbfc7bcd-076b-4d6f-a834-bfb1d4164c6b","local_time":"20240107001539","is_ascension_mode":true,"campfire_choices":[{"data":"Immolate","floor":6.0,"key":"SMITH"},{"data":"Bash","floor":11.0,"key":"SMITH"},{"data":"Disarm","floor":15.0,"key":"SMITH"},{"data":"True Grit","floor":23.0,"key":"SMITH"},{"data":"Feel No Pain","floor":25.0,"key":"SMITH"},{"data":"Battle Trance","floor":32.0,"key":"SMITH"},{"data":"Shockwave","floor":40.0,"key":"SMITH"},{"floor":42.0,"key":"RECALL"},{"data":"Demon Form","floor":49.0,"key":"SMITH"},{"data":"Heavy Blade","floor":53.0,"key":"SMITH"}],"neow_cost":"NONE","seed_source_timestamp":2120247457736900,"circlet_count":0,"master_deck":["AscendersBane","Strike_R","Strike_R","Defend_R","Defend_R","Defend_R","Defend_R","Bash+1","Anger","Disarm+1","Heavy Blade+1","Immolate+1","Feel No Pain+1","Exhume","True Grit+1","Feed","Second Wind","Power Through","Shrug It Off","Battle Trance+1","Second Wind","Demon Form+1","Burning Pact","Burning Pact","Shockwave+1","Shrug It Off","Shrug It Off+1","Injury","True Grit+1","Dark Embrace","Offering","Offering","Dual Wield+1","Impervious"],"special_seed":0,"relics":["Burning Blood","Charon\u0027s Ashes","The Courier","Golden Idol","Pantograph","Velvet Choker","Pen Nib","Blood Vial","Letter Opener","Art of War","Cursed Key","Prayer Wheel","Orrery","Bag of Marbles"],"potions_floor_usage":[56],"damage_taken":[{"damage":7.0,"enemies":"Cultist","floor":1.0,"turns":4.0},{"damage":2.0,"enemies":"Jaw Worm","floor":2.0,"turns":3.0},{"damage":8.0,"enemies":"Small Slimes","floor":3.0,"turns":4.0},{"damage":15.0,"enemies":"Gremlin Gang","floor":5.0,"turns":3.0},{"damage":6.0,"enemies":"Gremlin Nob","floor":7.0,"turns":3.0},{"damage":5.0,"enemies":"Large Slime","floor":8.0,"turns":4.0},{"damage":4.0,"enemies":"Looter","floor":12.0,"turns":3.0},{"damage":3.0,"enemies":"Lagavulin","floor":13.0,"turns":5.0},{"damage":15.0,"enemies":"Exordium Thugs","floor":14.0,"turns":5.0},{"damage":30.0,"enemies":"The Guardian","floor":16.0,"turns":14.0},{"damage":0.0,"enemies":"Chosen","floor":18.0,"turns":3.0},{"damage":18.0,"enemies":"2 Thieves","floor":20.0,"turns":3.0},{"damage":14.0,"enemies":"Snake Plant","floor":21.0,"turns":6.0},{"damage":6.0,"enemies":"Cultist and Chosen","floor":22.0,"turns":8.0},{"damage":22.0,"enemies":"3 Cultists","floor":24.0,"turns":6.0},{"damage":15.0,"enemies":"Book of Stabbing","floor":27.0,"turns":5.0},{"damage":12.0,"enemies":"Sentry and Sphere","floor":29.0,"turns":7.0},{"damage":18.0,"enemies":"Gremlin Leader","floor":30.0,"turns":7.0},{"damage":42.0,"enemies":"Champ","floor":33.0,"turns":26.0},{"damage":11.0,"enemies":"Orb Walker","floor":35.0,"turns":3.0},{"damage":8.0,"enemies":"3 Darklings","floor":37.0,"turns":5.0},{"damage":35.0,"enemies":"Transient","floor":38.0,"turns":6.0},{"damage":0.0,"enemies":"Jaw Worm Horde","floor":39.0,"turns":3.0},{"damage":37.0,"enemies":"Nemesis","floor":41.0,"turns":13.0},{"damage":1.0,"enemies":"3 Darklings","floor":44.0,"turns":5.0},{"damage":20.0,"enemies":"Writhing Mass","floor":45.0,"turns":7.0},{"damage":6.0,"enemies":"Maw","floor":46.0,"turns":9.0},{"damage":18.0,"enemies":"Donu and Deca","floor":50.0,"turns":10.0},{"damage":40.0,"enemies":"Time Eater","floor":51.0,"turns":18.0},{"damage":60.0,"enemies":"Shield and Spear","floor":55.0,"turns":7.0},{"damage":62,"enemies":"The Heart","floor":56,"turns":5}],"seed_played":"-6409337634541083666","potions_obtained":[{"floor":1.0,"key":"DistilledChaos"},{"floor":3.0,"key":"Regen Potion"},{"floor":16.0,"key":"Block Potion"},{"floor":18.0,"key":"BloodPotion"},{"floor":24.0,"key":"LiquidBronze"},{"floor":27.0,"key":"Swift Potion"},{"floor":30.0,"key":"BlessingOfTheForge"},{"floor":38.0,"key":"Fruit Juice"},{"floor":41.0,"key":"BloodPotion"},{"floor":44.0,"key":"Explosive Potion"},{"floor":46.0,"key":"SkillPotion"},{"floor":55.0,"key":"Strength Potion"}],"is_trial":false,"path_per_floor":["M","M","M","$","M","R","E","M","T","?","R","M","E","M","R","B",null,"M","?","M","M","M","R","M","R","T","E","?","M","E","?","R","B",null,"M","$","M","M","M","R","E","R","T","M","M","M","?","$","R","B","B",null,"R","$","E","B"],"character_chosen":"IRONCLAD","items_purchased":["Immolate","Burning Pact","Burning Pact","Shockwave","Shrug It Off","Offering","Orrery"],"campfire_rested":0,"item_purchase_floors":[4,36,36,36,36,54,54],"current_hp_per_floor":[67,71,69,69,60,60,60,61,61,35,35,37,54,45,45,46,68,74,74,65,57,60,60,44,44,44,37,37,33,23,23,23,14,64,61,61,61,39,47,47,18,18,18,42,33,56,56,56,56,74,61,87,87,87,35,0],"gold":80,"neow_bonus":"HUNDRED_GOLD","is_prod":false,"is_daily":false,"chose_seed":false,"campfire_upgraded":9,"win_rate":0,"timestamp":1704615339,"path_taken":["M","M","M","$","M","R","E","M","T","?","R","M","E","M","R","BOSS","M","?","M","M","M","R","M","R","T","E","?","M","E","?","R","BOSS","M","$","M","M","M","R","E","R","T","?","M","M","?","$","R","BOSS","BOSS","R","$","E","BOSS"],"build_version":"2022-12-18","purchased_purges":3,"victory":false,"max_hp_per_floor":[75,75,75,75,75,75,75,75,75,75,75,75,75,75,75,75,75,75,75,78,78,81,81,81,81,81,81,81,81,81,81,81,81,81,81,81,81,86,86,86,86,86,86,86,89,92,92,92,92,95,95,95,95,95,95,95],"card_choices":[{"not_picked":["Ghostly Armor","Combust"],"picked":"Anger","floor":1.0},{"not_picked":["Whirlwind","Power Through"],"picked":"Disarm","floor":2.0},{"not_picked":["Body Slam","Clash"],"picked":"Heavy Blade","floor":3.0},{"not_picked":["Anger","Body Slam","Clothesline"],"picked":"SKIP","floor":5.0},{"not_picked":["True Grit","Pommel Strike"],"picked":"Feel No Pain","floor":7.0},{"not_picked":["Sword Boomerang","Iron Wave","Havoc"],"picked":"SKIP","floor":8.0},{"not_picked":["Anger","Body Slam","True Grit"],"picked":"SKIP","floor":12.0},{"not_picked":["Sentinel","Berserk"],"picked":"Exhume","floor":13.0},{"not_picked":["Warcry","Reckless Charge"],"picked":"True Grit","floor":14.0},{"not_picked":["Berserk","Double Tap"],"picked":"Feed","floor":16.0},{"not_picked":["Twin Strike","Perfected Strike"],"picked":"Second Wind","floor":18.0},{"not_picked":["Warcry+1","Wild Strike"],"picked":"Power Through","floor":20.0},{"not_picked":["Pummel","Bludgeon"],"picked":"Shrug It Off","floor":21.0},{"not_picked":["Headbutt","Warcry+1","Body Slam+1"],"picked":"SKIP","floor":22.0},{"not_picked":["Power Through","Seeing Red"],"picked":"Battle Trance","floor":24.0},{"not_picked":["Armaments","Perfected Strike","Thunderclap"],"picked":"SKIP","floor":27.0},{"not_picked":["Anger","Twin Strike","Dual Wield"],"picked":"SKIP","floor":29.0},{"not_picked":["Clothesline","Heavy Blade","Metallicize"],"picked":"SKIP","floor":30.0},{"not_picked":["Double Tap","Feed"],"picked":"Demon Form","floor":33.0},{"not_picked":["Combust","Metallicize","Cleave"],"picked":"SKIP","floor":35.0},{"not_picked":["Havoc","Bloodletting+1","Clothesline"],"picked":"SKIP","floor":37.0},{"not_picked":["Heavy Blade+1","Fire Breathing","Warcry"],"picked":"SKIP","floor":38.0},{"not_picked":["Heavy Blade+1","Fire Breathing","Warcry"],"picked":"SKIP","floor":38.0},{"not_picked":["Fire Breathing","Flex"],"picked":"Shrug It Off+1","floor":39.0},{"not_picked":["Heavy Blade","Body Slam","Wild Strike"],"picked":"SKIP","floor":41.0},{"not_picked":["Havoc+1","Heavy Blade","Demon Form"],"picked":"SKIP","floor":44.0},{"not_picked":["Heavy Blade","Hemokinesis+1","Clash+1"],"picked":"SKIP","floor":44.0},{"not_picked":["Seeing Red","Reckless Charge"],"picked":"True Grit+1","floor":45.0},{"not_picked":["Heavy Blade","Body Slam","Armaments"],"picked":"SKIP","floor":45.0},{"not_picked":["Heavy Blade","Body Slam","Armaments"],"picked":"SKIP","floor":45.0},{"not_picked":["Pommel Strike+1","Thunderclap"],"picked":"Dark Embrace","floor":46.0},{"not_picked":["Dropkick","Rage","Iron Wave"],"picked":"SKIP","floor":46.0},{"not_picked":["Rupture","Cleave+1"],"picked":"Offering","floor":54.0},{"not_picked":["Carnage","Flex"],"picked":"Dual Wield+1","floor":54.0},{"not_picked":["Warcry","Sword Boomerang"],"picked":"Impervious","floor":54.0},{"not_picked":["Clash+1","Whirlwind","Clothesline"],"picked":"SKIP","floor":55.0}],"player_experience":1197582,"relics_obtained":[{"floor":7.0,"key":"Charon\u0027s Ashes"},{"floor":9.0,"key":"The Courier"},{"floor":13.0,"key":"Pantograph"},{"floor":26.0,"key":"Blood Vial"},{"floor":27.0,"key":"Letter Opener"},{"floor":30.0,"key":"Art of War"},{"floor":41.0,"key":"Prayer Wheel"},{"floor":55.0,"key":"Bag of Marbles"}],"event_choices":[{"damage_healed":0.0,"max_hp_gain":0.0,"max_hp_loss":0.0,"gold_gain":0.0,"event_name":"Golden Idol","player_choice":"Take Damage","floor":10.0,"gold_loss":0.0,"damage_taken":26.0,"relics_obtained":["Golden Idol"]},{"damage_healed":0.0,"max_hp_gain":0.0,"max_hp_loss":0.0,"gold_gain":0.0,"event_name":"Addict","player_choice":"Obtained Relic","floor":19.0,"gold_loss":85.0,"damage_taken":0.0,"relics_obtained":["Pen Nib"]},{"damage_healed":0.0,"max_hp_gain":0.0,"max_hp_loss":0.0,"gold_gain":0.0,"event_name":"The Mausoleum","player_choice":"Ignored","floor":28.0,"gold_loss":0.0,"damage_taken":0.0},{"damage_healed":0.0,"max_hp_gain":0.0,"max_hp_loss":0.0,"gold_gain":0.0,"event_name":"Duplicator","player_choice":"Copied","floor":31.0,"gold_loss":0.0,"damage_taken":0.0,"cards_obtained":["Second Wind"]},{"damage_healed":0.0,"max_hp_gain":0.0,"max_hp_loss":0.0,"gold_gain":0.0,"event_name":"Tomb of Lord Red Mask","player_choice":"Ignored","floor":47.0,"gold_loss":0.0,"damage_taken":0.0}],"is_beta":false,"boss_relics":[{"not_picked":["Runic Cube","Black Star"],"picked":"Velvet Choker"},{"not_picked":["Sozu","Busted Crown"],"picked":"Cursed Key"}],"items_purged_floors":[4,36,48],"is_endless":false,"potions_floor_spawned":[1,3,8,12,16,18,24,27,30,38,41,44,45,46,55],"killed_by":"The Heart","ascension_level":20}