{"gold_per_floor":[117,40,53,73,89,89,121,121,121,156,206,221,235,285,285,358,358,369,369,1,16,28,58,74,90,139,164,164,175,208,258,258,336,336,350,320,340,74,84,117,117,150,174,192,205,223,233,268,268,268,268,268,268,9,41,41],"floor_reached":56,"playtime":2921,"items_purged":["Strike_R","Strike_R"],"score":2126,"play_id":"39746c68-c1db-44e0-aa2d-a9a9315319ef","local_time":"20240106010831","is_ascension_mode":true,"campfire_choices":[{"data":"Whirlwind","floor":6,"key":"SMITH"},{"data":"Offering","floor":8,"key":"SMITH"},{"data":"Inflame","floor":15,"key":"SMITH"},{"data":"Flex","floor":28,"key":"SMITH"},{"data":"Heavy Blade","floor":32,"key":"SMITH"},{"data":"Rupture","floor":41,"key":"SMITH"},{"floor":49,"key":"RECALL"},{"data":"Corruption","floor":53,"key":"SMITH"}],"neow_cost":"NONE","seed_source_timestamp":2038265998165300,"circlet_count":0,"master_deck":["AscendersBane","Strike_R","Strike_R","Strike_R","Defend_R","Defend_R","Defend_R","Defend_R","Bash+1","Whirlwind+1","Battle Trance","Flex","Bloodletting","Offering+1","Burning Pact","Headbutt","Inflame+1","Feed","Flex+1","Corruption+1","Dark Embrace","Shrug It Off+1","Heavy Blade+1","Impervious","Rupture+1","Spot Weakness+1","Offering","Combust","Apotheosis","Shrug It Off","Shrug It Off"],"relics":["Burning Blood","Lizard Tail","Bottled Flame","Runic Pyramid","Meat on the Bone","Mercury Hourglass","Strawberry","Eternal Feather","Regal Pillow","Coffee Dripper","OrangePellets","Ornamental Fan","MealTicket","Anchor","Bag of Marbles","Calipers"],"potions_floor_usage":[5,7,13,16,27,30,30,33,40,50,56],"damage_taken":[{"damage":2,"enemies":"Jaw Worm","floor":1,"turns":4},{"damage":1,"enemies":"Cultist","floor":3,"turns":3},{"damage":0,"enemies":"Small Slimes","floor":4,"turns":2},{"damage":7,"enemies":"Exordium Thugs","floor":5,"turns":4},{"damage":21,"enemies":"Lagavulin","floor":7,"turns":4},{"damage":20,"enemies":"Gremlin Nob","floor":10,"turns":3},{"damage":9,"enemies":"Red Slaver","floor":12,"turns":2},{"damage":10,"enemies":"Looter","floor":13,"turns":3},{"damage":49,"enemies":"The Guardian","floor":16,"turns":12},{"damage":38,"enemies":"Shell Parasite","floor":18,"turns":3},{"damage":3,"enemies":"3 Byrds","floor":21,"turns":3},{"damage":22,"enemies":"Snake Plant","floor":22,"turns":3},{"damage":27,"enemies":"Gremlin Leader","floor":23,"turns":3},{"damage":24,"enemies":"Centurion and Healer","floor":24,"turns":3},{"damage":18,"enemies":"Chosen and Byrds","floor":25,"turns":4},{"damage":49,"enemies":"Book of Stabbing","floor":27,"turns":4},{"damage":19,"enemies":"Snake Plant","floor":29,"turns":3},{"damage":52,"enemies":"Slavers","floor":30,"turns":4},{"damage":70,"enemies":"Automaton","floor":33,"turns":10},{"damage":0,"enemies":"3 Shapes","floor":35,"turns":1},{"damage":24,"enemies":"3 Darklings","floor":37,"turns":3},{"damage":19,"enemies":"4 Shapes","floor":39,"turns":6},{"damage":14,"enemies":"Giant Head","floor":40,"turns":5},{"damage":48,"enemies":"Nemesis","floor":42,"turns":5},{"damage":23,"enemies":"Writhing Mass","floor":44,"turns":2},{"damage":3,"enemies":"Sphere and 2 Shapes","floor":45,"turns":3},{"damage":10,"enemies":"Jaw Worm Horde","floor":46,"turns":2},{"damage":29,"enemies":"Writhing Mass","floor":47,"turns":4},{"damage":19,"enemies":"Giant Head","floor":48,"turns":5},{"damage":57,"enemies":"Awakened One","floor":50,"turns":7},{"damage":27,"enemies":"Donu and Deca","floor":51,"turns":5},{"damage":51,"enemies":"Shield and Spear","floor":55,"turns":5},{"damage":130,"enemies":"The Heart","floor":56,"turns":6}],"seed_played":"5574380688247499005","potions_obtained":[{"floor":1,"key":"Weak Potion"},{"floor":3,"key":"Fruit Juice"},{"floor":5,"key":"BloodPotion"},{"floor":7,"key":"FairyPotion"},{"floor":13,"key":"Weak Potion"},{"floor":24,"key":"Fire Potion"},{"floor":27,"key":"Regen Potion"},{"floor":29,"key":"Swift Potion"},{"floor":30,"key":"Regen Potion"},{"floor":36,"key":"Fire Potion"},{"floor":36,"key":"Fruit Juice"},{"floor":40,"key":"Dexterity Potion"},{"floor":44,"key":"BlessingOfTheForge"},{"floor":45,"key":"BlessingOfTheForge"}],"is_trial":false,"path_per_floor":["M","$","M","M","M","R","E","R","T","E","?","M","M","?","R","B",null,"M","?","$","M","M","E","M","M","T","E","R","M","E","?","R","B",null,"M","?","M","$","M","E","R","E","T","M","M","M","M","E","R","B","B",null,"R","$","E","B"],"character_chosen":"IRONCLAD","items_purchased":["Battle Trance","Meat on the Bone","Flex","OrangePellets","Apotheosis","Shrug It Off"],"campfire_rested":0,"item_purchase_floors":[2,20,20,38,54,54],"current_hp_per_floor":[72,72,75,75,79,79,64,64,64,50,50,47,59,51,51,8,62,33,33,33,51,47,38,35,38,45,47,59,61,42,42,57,61,94,100,100,85,85,75,75,90,63,63,58,73,72,64,66,81,45,36,110,125,134,93,0],"gold":41,"neow_bonus":"UPGRADE_CARD","is_prod":false,"is_daily":false,"chose_seed":false,"campfire_upgraded":7,"win_rate":0,"timestamp":1704532111,"path_taken":["M","$","M","M","M","R","E","R","T","E","?","?","M","?","R","BOSS","M","?","?","M","M","E","?","M","T","E","R","M","E","?","R","BOSS","M","?","M","$","M","E","R","E","T","M","?","M","M","E","R","BOSS","BOSS","R","$","E","BOSS"],"build_version":"2022-12-18","purchased_purges":2,"victory":false,"max_hp_per_floor":[75,75,75,75,80,80,80,80,80,80,80,80,80,80,80,80,80,83,83,83,86,86,86,89,92,99,99,99,102,105,105,105,105,105,105,105,108,108,111,119,119,122,122,122,122,125,128,131,131,134,134,134,134,134,138,138],"card_choices":[{"not_picked":["Uppercut","Intimidate"],"picked":"Whirlwind","floor":1},{"not_picked":["Body Slam","True Grit"],"picked":"Flex","floor":3},{"not_picked":["Seeing Red","Warcry","Body Slam"],"picked":"SKIP","floor":4},{"not_picked":["Body Slam","Fire Breathing"],"picked":"Bloodletting","floor":5},{"not_picked":["Shrug It Off","Ghostly Armor"],"picked":"Offering","floor":7},{"not_picked":["Perfected Strike","Wild Strike"],"picked":"Burning Pact","floor":10},{"not_picked":["Anger","Sword Boomerang"],"picked":"Headbutt","floor":12},{"not_picked":["Warcry","Havoc"],"picked":"Inflame","floor":13},{"not_picked":["Brutality","Corruption"],"picked":"Feed","floor":16},{"not_picked":["Body Slam","Carnage","Iron Wave"],"picked":"SKIP","floor":18},{"not_picked":["Perfected Strike","Rage","Headbutt"],"picked":"SKIP","floor":21},{"not_picked":["Havoc","Blood for Blood","Cleave"],"picked":"SKIP","floor":22},{"not_picked":["Havoc","Blood for Blood","Cleave"],"picked":"SKIP","floor":22},{"not_picked":["Burning Pact","Warcry"],"picked":"Corruption","floor":23},{"not_picked":["Flex","Headbutt"],"picked":"Dark Embrace","floor":24},{"not_picked":["Rage","True Grit"],"picked":"Shrug It Off+1","floor":25},{"not_picked":["Iron Wave","Flex"],"picked":"Heavy Blade","floor":27},{"not_picked":["Pommel Strike","Twin Strike","Thunderclap"],"picked":"SKIP","floor":29},{"not_picked":["Headbutt","True Grit"],"picked":"Impervious","floor":30},{"not_picked":["Perfected Strike","Twin Strike"],"picked":"Rupture","floor":35},{"not_picked":["Flex","Thunderclap","Sword Boomerang"],"picked":"SKIP","floor":37},{"not_picked":["Intimidate","Dropkick+1","Warcry+1"],"picked":"SKIP","floor":39},{"not_picked":["Intimidate","Dropkick+1","Warcry+1"],"picked":"SKIP","floor":39},{"not_picked":["Combust","Iron Wave"],"picked":"Spot Weakness+1","floor":40},{"not_picked":["Combust","Anger+1"],"picked":"Offering","floor":42},{"not_picked":["Havoc+1","Perfected Strike","Rupture"],"picked":"SKIP","floor":44},{"not_picked":["Havoc+1","Perfected Strike","Rupture"],"picked":"SKIP","floor":44},{"not_picked":["Twin Strike","Headbutt","Fire Breathing"],"picked":"SKIP","floor":45},{"not_picked":["Sword Boomerang","Perfected Strike"],"picked":"Combust","floor":46},{"not_picked":["Headbutt+1","Thunderclap","Dark Embrace"],"picked":"SKIP","floor":47},{"not_picked":["Carnage","Twin Strike","Intimidate"],"picked":"SKIP","floor":48},{"not_picked":["Hemokinesis","Bludgeon"],"picked":"Shrug It Off","floor":55}],"player_experience":1189141,"relics_obtained":[{"floor":7,"key":"Lizard Tail"},{"floor":10,"key":"Bottled Flame"},{"floor":23,"key":"Mercury Hourglass"},{"floor":26,"key":"Strawberry"},{"floor":27,"key":"Eternal Feather"},{"floor":30,"key":"Regal Pillow"},{"floor":40,"key":"Ornamental Fan"},{"floor":42,"key":"MealTicket"},{"floor":43,"key":"Anchor"},{"floor":48,"key":"Bag of Marbles"},{"floor":55,"key":"Calipers"}],"event_choices":[{"damage_healed":0,"gold_gain":50,"player_choice":"Pray","damage_taken":0,"max_hp_gain":0,"max_hp_loss":0,"event_name":"Golden Shrine","floor":11,"gold_loss":0},{"damage_healed":0,"gold_gain":50,"player_choice":"Touch","damage_taken":8,"max_hp_gain":0,"max_hp_loss":0,"event_name":"FaceTrader","floor":14,"gold_loss":0},{"damage_healed":0,"gold_gain":0,"player_choice":"0 cards matched","damage_taken":0,"max_hp_gain":0,"max_hp_loss":0,"event_name":"Match and Keep!","floor":19,"gold_loss":0,"cards_obtained":[]},{"damage_healed":0,"gold_gain":50,"player_choice":"Stole From Cult","damage_taken":0,"max_hp_gain":0,"max_hp_loss":0,"event_name":"Nest","floor":31,"gold_loss":0},{"damage_healed":0,"gold_gain":0,"player_choice":"Bought 2 Potions","damage_taken":0,"max_hp_gain":0,"max_hp_loss":0,"event_name":"The Woman in Blue","floor":36,"gold_loss":0}],"is_beta":false,"boss_relics":[{"not_picked":["Ectoplasm","Busted Crown"],"picked":"Runic Pyramid"},{"not_picked":["Velvet Choker","Philosopher\u0027s Stone"],"picked":"Coffee Dripper"}],"items_purged_floors":[20,38],"is_endless":false,"potions_floor_spawned":[1,3,5,7,13,24,25,27,29,30,40,44,45,48],"killed_by":"The Heart","ascension_level":20}