{"gold_per_floor":[215,34,34,50,64,64,99,110,110,110,127,139,170,170,170,265,265,285,103,103,116,132,132],"floor_reached":23,"playtime":989,"items_purged":["Perfected Strike+1"],"score":406,"play_id":"b8c32afe-da6c-4b43-aee4-a06cadb8cb93","local_time":"20240106020846","is_ascension_mode":true,"campfire_choices":[{"data":"Pommel Strike","floor":6,"key":"SMITH"},{"data":"Disarm","floor":10,"key":"SMITH"},{"data":"Armaments","floor":15,"key":"SMITH"}],"neow_cost":"NONE","seed_source_timestamp":2043811986910500,"circlet_count":0,"master_deck":["AscendersBane","Strike_R","Defend_R","Defend_R","Defend_R","Defend_R","Bash","Anger","Disarm+1","Feel No Pain","Pommel Strike+1","Flame Barrier","Fiend Fire","Spot Weakness","Spot Weakness","Armaments+1","Feed","Perfected Strike+1","Shockwave","Panacea"],"relics":["Burning Blood","White Beast Statue","Mercury Hourglass","Potion Belt","Golden Idol","Astrolabe"],"potions_floor_usage":[11,11,13,23],"damage_taken":[{"damage":3,"enemies":"2 Louse","floor":1,"turns":4},{"damage":5,"enemies":"Small Slimes","floor":4,"turns":4},{"damage":2,"enemies":"Cultist","floor":5,"turns":4},{"damage":25,"enemies":"3 Sentries","floor":7,"turns":13},{"damage":9,"enemies":"Looter","floor":8,"turns":4},{"damage":0,"enemies":"Blue Slaver","floor":11,"turns":2},{"damage":14,"enemies":"Exordium Thugs","floor":12,"turns":3},{"damage":11,"enemies":"Gremlin Nob","floor":13,"turns":3},{"damage":13,"enemies":"The Guardian","floor":16,"turns":13},{"damage":55,"enemies":"Spheric Guardian","floor":18,"turns":9},{"damage":1,"enemies":"3 Byrds","floor":21,"turns":2},{"damage":4,"enemies":"Snecko","floor":22,"turns":7},{"damage":37,"enemies":"Book of Stabbing","floor":23,"turns":4}],"seed_played":"2434952455343134735","potions_obtained":[{"floor":1,"key":"LiquidMemories"},{"floor":8,"key":"AttackPotion"},{"floor":11,"key":"GamblersBrew"},{"floor":12,"key":"BlessingOfTheForge"},{"floor":13,"key":"Fire Potion"},{"floor":16,"key":"SmokeBomb"},{"floor":18,"key":"SteroidPotion"},{"floor":21,"key":"BloodPotion"}],"is_trial":false,"path_per_floor":["M","$","?","M","M","R","E","M","T","R","M","M","E","?","R","B",null,"M","$","?","M","M","E"],"character_chosen":"IRONCLAD","items_purchased":["Disarm","Fire Potion","Feel No Pain","Panacea"],"campfire_rested":0,"item_purchase_floors":[2,2,2,19],"current_hp_per_floor":[71,71,64,65,69,69,50,47,47,47,53,45,40,40,40,33,59,14,14,72,72,72,35],"gold":132,"neow_bonus":"HUNDRED_GOLD","is_prod":false,"is_daily":false,"chose_seed":false,"campfire_upgraded":3,"win_rate":0,"timestamp":1704535726,"path_taken":["M","$","?","M","M","R","E","M","T","R","M","M","E","?","R","BOSS","M","$","?","?","M","E"],"build_version":"2022-12-18","purchased_purges":1,"victory":false,"max_hp_per_floor":[75,75,75,75,75,75,75,75,75,75,75,75,75,68,68,68,68,72,72,72,72,72,72],"card_choices":[{"not_picked":["Feel No Pain","Flame Barrier"],"picked":"Anger","floor":1},{"not_picked":["Flex","Twin Strike"],"picked":"Pommel Strike","floor":4},{"not_picked":["Rupture","Iron Wave"],"picked":"Flame Barrier","floor":5},{"not_picked":["Reckless Charge","Feel No Pain"],"picked":"Fiend Fire","floor":7},{"not_picked":["Armaments","Flame Barrier"],"picked":"Spot Weakness","floor":8},{"not_picked":["Cleave","Body Slam","Clothesline"],"picked":"SKIP","floor":11},{"not_picked":["Rupture","Rampage"],"picked":"Spot Weakness","floor":12},{"not_picked":["Second Wind","Thunderclap"],"picked":"Armaments","floor":13},{"not_picked":["Exhume","Corruption"],"picked":"Feed","floor":16},{"not_picked":["Cleave","Warcry+1"],"picked":"Shockwave","floor":18},{"not_picked":["Anger+1","Pummel","Heavy Blade"],"picked":"SKIP","floor":21},{"not_picked":["Second Wind","Clothesline","Wild Strike"],"picked":"SKIP","floor":22}],"player_experience":1194476,"relics_obtained":[{"floor":7,"key":"White Beast Statue"},{"floor":9,"key":"Mercury Hourglass"},{"floor":13,"key":"Potion Belt"}],"event_choices":[{"cards_removed":["Strike_R"],"damage_healed":0,"gold_gain":0,"player_choice":"Card Removal","damage_taken":7,"max_hp_gain":0,"max_hp_loss":0,"event_name":"Golden Wing","floor":3,"gold_loss":0},{"damage_healed":0,"gold_gain":0,"player_choice":"Lose Max HP","damage_taken":0,"relics_obtained":["Golden Idol"],"max_hp_gain":0,"max_hp_loss":7,"event_name":"Golden Idol","floor":14,"gold_loss":0},{"cards_removed":["Intimidate"],"damage_healed":58,"gold_gain":0,"player_choice":"Offered Uncommon","damage_taken":0,"max_hp_gain":0,"max_hp_loss":0,"event_name":"Bonfire Elementals","floor":20,"gold_loss":0}],"is_beta":false,"boss_relics":[{"not_picked":["Black Blood","Velvet Choker"],"picked":"Astrolabe"}],"items_purged_floors":[19],"is_endless":false,"potions_floor_spawned":[1,8,11,12,13,16,18,21,22],"killed_by":"Book of Stabbing","ascension_level":20}