{"gold_per_floor":[15,15,35,50,10,10,45,45,45,76,76,93,93,103,103,103],"floor_reached":16,"playtime":598,"items_purged":[],"score":220,"play_id":"e748fcff-04a7-454d-addf-e69af7bf3627","local_time":"20240106001939","is_ascension_mode":true,"campfire_choices":[{"data":"Infernal Blade","floor":6,"key":"SMITH"},{"data":"Dual Wield","floor":8,"key":"SMITH"},{"data":"Heavy Blade","floor":15,"key":"SMITH"}],"neow_cost":"NO_GOLD","seed_source_timestamp":2037657984414100,"circlet_count":0,"master_deck":["AscendersBane","Strike_R","Strike_R","Defend_R","Defend_R","Defend_R","Defend_R","Bash","Sever Soul","Dual Wield+1","Infernal Blade+1","Heavy Blade+1","Ghostly Armor","Pommel Strike","Burning Pact","Bloodletting+1","Feed","Disarm+1","Spot Weakness+1"],"relics":["Burning Blood","Toxic Egg 2","Bronze Scales","Bag of Preparation"],"potions_floor_usage":[10],"damage_taken":[{"damage":5,"enemies":"Small Slimes","floor":1,"turns":3},{"damage":8,"enemies":"2 Louse","floor":3,"turns":2},{"damage":0,"enemies":"Cultist","floor":4,"turns":3},{"damage":7,"enemies":"Looter","floor":5,"turns":4},{"damage":40,"enemies":"3 Sentries","floor":7,"turns":9},{"damage":52,"enemies":"Lagavulin","floor":10,"turns":8},{"damage":3,"enemies":"Blue Slaver","floor":12,"turns":3},{"damage":8,"enemies":"Red Slaver","floor":14,"turns":3},{"damage":39,"enemies":"The Guardian","floor":16,"turns":10}],"seed_played":"418687226069852509","potions_obtained":[{"floor":1,"key":"Weak Potion"},{"floor":3,"key":"BloodPotion"}],"is_trial":false,"path_per_floor":["M","?","M","M","M","R","E","R","T","E","?","M","?","M","R","B"],"character_chosen":"IRONCLAD","items_purchased":[],"campfire_rested":0,"item_purchase_floors":[],"current_hp_per_floor":[69,69,67,73,72,72,38,38,38,7,7,10,35,36,36,0],"gold":103,"neow_bonus":"TRANSFORM_TWO_CARDS","is_prod":false,"is_daily":false,"chose_seed":false,"campfire_upgraded":3,"win_rate":0,"timestamp":1704529179,"path_taken":["M","?","M","M","M","R","E","R","T","E","?","M","?","M","R","BOSS"],"build_version":"2022-12-18","purchased_purges":0,"victory":false,"max_hp_per_floor":[75,75,75,75,75,75,75,75,75,75,75,75,75,78,78,78],"card_choices":[{"not_picked":["Pummel","True Grit"],"picked":"Infernal Blade","floor":1},{"not_picked":["Cleave","Reckless Charge"],"picked":"Ghostly Armor","floor":3},{"not_picked":["Clash","Pummel"],"picked":"Pommel Strike","floor":4},{"not_picked":["Dual Wield","Clash"],"picked":"Burning Pact","floor":5},{"not_picked":["Cleave","Limit Break+1"],"picked":"Bloodletting+1","floor":7},{"not_picked":["Dual Wield+1","Body Slam"],"picked":"Feed","floor":10},{"not_picked":["Carnage","Body Slam"],"picked":"Disarm+1","floor":12},{"not_picked":["Blood for Blood","Clothesline"],"picked":"Spot Weakness+1","floor":14}],"player_experience":1188543,"relics_obtained":[{"floor":7,"key":"Toxic Egg 2"},{"floor":9,"key":"Bronze Scales"},{"floor":10,"key":"Bag of Preparation"}],"event_choices":[{"damage_healed":0,"gold_gain":0,"cards_transformed":["Strike_R"],"player_choice":"Change","damage_taken":0,"max_hp_gain":0,"max_hp_loss":0,"event_name":"Living Wall","floor":2,"gold_loss":0,"cards_obtained":["Heavy Blade"]},{"damage_healed":0,"gold_gain":0,"player_choice":"Ignored","damage_taken":0,"max_hp_gain":0,"max_hp_loss":0,"event_name":"Liars Game","floor":11,"gold_loss":0},{"damage_healed":25,"gold_gain":0,"player_choice":"Banana","damage_taken":0,"max_hp_gain":0,"max_hp_loss":0,"event_name":"Big Fish","floor":13,"gold_loss":0}],"is_beta":false,"boss_relics":[],"items_purged_floors":[],"is_endless":false,"potions_floor_spawned":[1,3,7],"killed_by":"The Guardian","ascension_level":20}