{"gold_per_floor":[362,66,84,94,109,109,134,148,222,256,256,268,268,303,303,374,374,387,402,421,421],"floor_reached":21,"playtime":765,"items_purged":["Normality"],"score":456,"play_id":"e817c990-4328-4a3d-861d-87dee57cb2f1","local_time":"20240106213955","is_ascension_mode":true,"campfire_choices":[{"data":"Bash","floor":6,"key":"SMITH"},{"data":"Battle Trance","floor":15,"key":"SMITH"}],"neow_cost":"CURSE","seed_source_timestamp":2114314240162000,"circlet_count":0,"master_deck":["AscendersBane","Bash+1","Shrug It Off","Anger","Headbutt","Pummel","Whirlwind","Ghostly Armor","Battle Trance+1","Feed","Rupture","Shrug It Off","Intimidate","Hemokinesis","Spot Weakness","Pummel","Entrench","Wild Strike","Rupture","Bloodletting+1","Sword Boomerang","Evolve"],"relics":["Burning Blood","Brimstone","Strawberry","Kunai","Turnip","Nunchaku","Pandora\u0027s Box"],"potions_floor_usage":[10,18,21,21,21],"damage_taken":[{"damage":20,"enemies":"Jaw Worm","floor":1,"turns":7},{"damage":0,"enemies":"Cultist","floor":3,"turns":2},{"damage":6,"enemies":"Small Slimes","floor":4,"turns":3},{"damage":7,"enemies":"Looter","floor":5,"turns":3},{"damage":28,"enemies":"3 Sentries","floor":7,"turns":7},{"damage":26,"enemies":"Exordium Wildlife","floor":8,"turns":4},{"damage":0,"enemies":"Lagavulin","floor":10,"turns":3},{"damage":0,"enemies":"2 Fungi Beasts","floor":12,"turns":2},{"damage":20,"enemies":"3 Sentries","floor":14,"turns":4},{"damage":29,"enemies":"The Guardian","floor":16,"turns":6},{"damage":0,"enemies":"Shell Parasite","floor":18,"turns":2},{"damage":17,"enemies":"Spheric Guardian","floor":19,"turns":4},{"damage":17,"enemies":"Centurion and Healer","floor":20,"turns":4},{"damage":64,"enemies":"Snecko","floor":21,"turns":5}],"seed_played":"3788486882180267194","potions_obtained":[{"floor":3,"key":"Strength Potion"},{"floor":12,"key":"Ancient Potion"},{"floor":13,"key":"CultistPotion"},{"floor":13,"key":"DuplicationPotion"},{"floor":14,"key":"EntropicBrew"},{"floor":19,"key":"DistilledChaos"}],"is_trial":false,"path_per_floor":["M","$","M","M","M","R","E","M","T","E","?","M","?","E","R","B",null,"M","M","M","M"],"character_chosen":"IRONCLAD","items_purchased":["Brimstone","Shrug It Off"],"campfire_rested":0,"item_purchase_floors":[2,2],"current_hp_per_floor":[54,54,60,60,59,59,44,24,24,30,57,63,63,49,49,26,68,74,66,55,0],"gold":421,"neow_bonus":"TWO_FIFTY_GOLD","is_prod":false,"is_daily":false,"chose_seed":false,"campfire_upgraded":2,"win_rate":0,"timestamp":1704605995,"path_taken":["M","$","M","M","M","R","E","M","T","E","?","M","?","E","R","BOSS","M","?","M","M"],"build_version":"2022-12-18","purchased_purges":1,"victory":false,"max_hp_per_floor":[75,75,75,75,75,75,82,82,82,82,82,82,82,82,82,82,82,82,85,85,85],"card_choices":[{"not_picked":["Warcry","Wild Strike","Dual Wield"],"picked":"SKIP","floor":1},{"not_picked":["Armaments","Bloodletting"],"picked":"Anger","floor":3},{"not_picked":["Warcry","Clash","Intimidate"],"picked":"SKIP","floor":4},{"not_picked":["Warcry","Clash","Intimidate"],"picked":"SKIP","floor":4},{"not_picked":["Flex","Armaments"],"picked":"Headbutt","floor":5},{"not_picked":["Headbutt","Flex","Metallicize"],"picked":"SKIP","floor":7},{"not_picked":["Wild Strike","Barricade"],"picked":"Pummel","floor":8},{"not_picked":["Inflame","Thunderclap"],"picked":"Whirlwind","floor":10},{"not_picked":["Heavy Blade","Cleave"],"picked":"Ghostly Armor","floor":12},{"not_picked":["Sever Soul","Second Wind"],"picked":"Battle Trance","floor":14},{"not_picked":["Brutality","Fiend Fire"],"picked":"Feed","floor":16},{"not_picked":["Anger","Heavy Blade"],"picked":"Bloodletting+1","floor":18},{"not_picked":["Thunderclap","Clothesline"],"picked":"Sword Boomerang","floor":19},{"not_picked":["Armaments","Whirlwind"],"picked":"Evolve","floor":20}],"player_experience":1196817,"relics_obtained":[{"floor":7,"key":"Strawberry"},{"floor":9,"key":"Kunai"},{"floor":10,"key":"Turnip"},{"floor":14,"key":"Nunchaku"}],"event_choices":[{"damage_healed":27,"gold_gain":0,"player_choice":"Banana","damage_taken":0,"max_hp_gain":0,"max_hp_loss":0,"event_name":"Big Fish","floor":11,"gold_loss":0},{"damage_healed":0,"gold_gain":0,"player_choice":"Got Potions","damage_taken":0,"max_hp_gain":0,"max_hp_loss":0,"event_name":"Lab","floor":13,"gold_loss":0}],"is_beta":false,"boss_relics":[{"not_picked":["Runic Dome","Black Star"],"picked":"Pandora\u0027s Box"}],"items_purged_floors":[2],"is_endless":false,"potions_floor_spawned":[3,12,14,16,19,20],"killed_by":"Snecko","ascension_level":20}