{"gold_per_floor":[111,125,145,145,70,101,101,116,163,174,201,201,216,233,233,310,310,323,57,75,88,107,134,152,179,179,36,36,36,63,63,63,141,141,161,171,185,197,214,245,245,273,273,273,300,300,332,359,359,359,359,359,359,10,45,45],"floor_reached":56,"playtime":2414,"items_purged":["Strike_R"],"score":2278,"play_id":"291ac3bf-733c-4cc3-9e9d-6bf556d0e1e5","local_time":"20240106015053","is_ascension_mode":true,"campfire_choices":[{"data":"Inflame","floor":12.0,"key":"SMITH"},{"data":"Bash","floor":15.0,"key":"SMITH"},{"floor":28.0,"key":"REST"},{"floor":32.0,"key":"REST"},{"floor":41.0,"key":"RECALL"},{"floor":44.0,"key":"REST"},{"floor":49.0,"key":"REST"},{"floor":53,"key":"REST"}],"neow_cost":"TEN_PERCENT_HP_LOSS","seed_source_timestamp":2041275866623500,"circlet_count":0,"master_deck":["AscendersBane","Strike_R","Strike_R","Defend_R","Defend_R","Bash+1","Inflame+1","Disarm+1","Bloodletting","Headbutt","Shrug It Off","Feed+1","Whirlwind+1","Heavy Blade+1","Fiend Fire+1","Sword Boomerang+1","Limit Break","Shrug It Off","Offering","Heavy Blade+1","Rupture+1","Bloodletting","Pommel Strike+1","Dark Shackles","Brutality","Inflame","Reaper+1","Uppercut+1","Shrug It Off","Feel No Pain","Combust","Evolve","Corruption"],"special_seed":0,"relics":["Black Blood","Molten Egg 2","Bag of Marbles","Lantern","Fusion Hammer","Paper Frog","Boot","Akabeko","Dream Catcher","Calipers","Dead Branch","Oddly Smooth Stone","Meat on the Bone","Bag of Preparation","Bottled Tornado","Self Forming Clay"],"potions_floor_usage":[56,56],"damage_taken":[{"damage":2.0,"enemies":"Jaw Worm","floor":1.0,"turns":7.0},{"damage":9.0,"enemies":"2 Louse","floor":2.0,"turns":3.0},{"damage":11.0,"enemies":"Small Slimes","floor":3.0,"turns":3.0},{"damage":26.0,"enemies":"Lagavulin","floor":6.0,"turns":6.0},{"damage":14.0,"enemies":"Exordium Thugs","floor":8.0,"turns":6.0},{"damage":3.0,"enemies":"Red Slaver","floor":10.0,"turns":1.0},{"damage":3.0,"enemies":"Gremlin Nob","floor":11.0,"turns":2.0},{"damage":0.0,"enemies":"2 Fungi Beasts","floor":13.0,"turns":2.0},{"damage":4.0,"enemies":"Exordium Thugs","floor":14.0,"turns":4.0},{"damage":13.0,"enemies":"The Guardian","floor":16.0,"turns":10.0},{"damage":2.0,"enemies":"Chosen","floor":18.0,"turns":3.0},{"damage":0.0,"enemies":"3 Byrds","floor":20.0,"turns":1.0},{"damage":12.0,"enemies":"3 Cultists","floor":21.0,"turns":3.0},{"damage":15.0,"enemies":"Cultist and Chosen","floor":22.0,"turns":3.0},{"damage":13.0,"enemies":"Book of Stabbing","floor":23.0,"turns":3.0},{"damage":14.0,"enemies":"Snecko","floor":24.0,"turns":3.0},{"damage":0.0,"enemies":"Slavers","floor":25.0,"turns":1.0},{"damage":13.0,"enemies":"Book of Stabbing","floor":30.0,"turns":2.0},{"damage":38.0,"enemies":"Collector","floor":33.0,"turns":6.0},{"damage":0.0,"enemies":"Orb Walker","floor":35.0,"turns":2.0},{"damage":24.0,"enemies":"3 Darklings","floor":36.0,"turns":4.0},{"damage":13.0,"enemies":"Maw","floor":37.0,"turns":4.0},{"damage":12.0,"enemies":"Sphere and 2 Shapes","floor":38.0,"turns":2.0},{"damage":14.0,"enemies":"4 Shapes","floor":39.0,"turns":4.0},{"damage":47.0,"enemies":"Nemesis","floor":40.0,"turns":3.0},{"damage":53.0,"enemies":"Giant Head","floor":42.0,"turns":6.0},{"damage":52.0,"enemies":"Nemesis","floor":45.0,"turns":5.0},{"damage":27.0,"enemies":"Giant Head","floor":47.0,"turns":5.0},{"damage":121.0,"enemies":"Donu and Deca","floor":50.0,"turns":6.0},{"damage":55.0,"enemies":"Time Eater","floor":51.0,"turns":6.0},{"damage":128,"enemies":"Shield and Spear","floor":55,"turns":6},{"damage":49,"enemies":"The Heart","floor":56,"turns":3}],"seed_played":"3378647344882618167","potions_obtained":[{"floor":1.0,"key":"SpeedPotion"},{"floor":6.0,"key":"SkillPotion"},{"floor":11.0,"key":"Block Potion"},{"floor":13.0,"key":"Strength Potion"},{"floor":24.0,"key":"Explosive Potion"},{"floor":25.0,"key":"PowerPotion"},{"floor":38.0,"key":"Swift Potion"},{"floor":45.0,"key":"Block Potion"},{"floor":47.0,"key":"BlessingOfTheForge"}],"is_trial":false,"path_per_floor":["M","M","M","?","?","E","?","M","T","M","E","R","M","M","R","B",null,"M","$","M","M","M","E","M","E","T","$","R","?","E","?","R","B",null,"M","M","M","M","M","E","R","E","T","R","E","?","E","T","R","B","B",null,"R","$","E","B"],"character_chosen":"IRONCLAD","items_purchased":["Offering","Heavy Blade+1","Pommel Strike+1","Dark Shackles","Bottled Tornado","EssenceOfSteel"],"campfire_rested":5,"item_purchase_floors":[19,19,27,27,54,54],"current_hp_per_floor":[68,65,60,53,53,33,33,29,29,32,35,35,45,51,51,48,75,83,83,88,86,81,74,70,76,76,76,100,100,97,97,104,76,100,112,104,107,110,117,86,86,109,109,132,96,96,129,129,129,32,29,104,129,129,47,0],"gold":45,"neow_bonus":"TRANSFORM_TWO_CARDS","is_prod":false,"is_daily":false,"chose_seed":false,"campfire_upgraded":2,"win_rate":0,"timestamp":1704534653,"path_taken":["M","M","M","?","?","E","?","M","T","M","E","R","M","M","R","BOSS","M","$","M","M","M","E","M","E","T","$","R","?","E","?","R","BOSS","M","M","M","M","M","E","R","E","T","R","E","?","E","?","R","BOSS","BOSS","R","$","E","BOSS"],"build_version":"2022-12-18","purchased_purges":1,"victory":false,"max_hp_per_floor":[68,68,68,68,68,68,68,72,72,72,72,72,76,80,80,84,84,88,88,88,92,96,96,100,100,100,100,100,100,104,104,104,108,108,112,116,120,120,124,128,128,132,132,132,136,129,129,129,129,129,129,129,129,129,129,129],"card_choices":[{"not_picked":["Burning Pact","Perfected Strike"],"picked":"Bloodletting","floor":1.0},{"not_picked":["Sentinel","Sword Boomerang"],"picked":"Headbutt","floor":2.0},{"not_picked":["Dark Embrace","Thunderclap"],"picked":"Shrug It Off","floor":3.0},{"not_picked":["Clothesline+1","Corruption"],"picked":"Feed+1","floor":6.0},{"not_picked":["Power Through","Armaments"],"picked":"Whirlwind+1","floor":8.0},{"not_picked":["Warcry","Intimidate","Anger+1"],"picked":"SKIP","floor":10.0},{"not_picked":["Havoc","Disarm"],"picked":"Heavy Blade+1","floor":11.0},{"not_picked":["Sword Boomerang+1","Headbutt+1"],"picked":"Fiend Fire+1","floor":13.0},{"not_picked":["Thunderclap+1","Clothesline+1"],"picked":"Sword Boomerang+1","floor":14.0},{"not_picked":["Exhume","Juggernaut"],"picked":"Limit Break","floor":16.0},{"not_picked":["True Grit","Body Slam+1"],"picked":"Shrug It Off","floor":18.0},{"not_picked":["Twin Strike+1","Clash+1","Heavy Blade+1"],"picked":"SKIP","floor":20.0},{"not_picked":["Anger+1","Thunderclap+1"],"picked":"Rupture+1","floor":21.0},{"not_picked":["Seeing Red","Heavy Blade+1","Wild Strike+1"],"picked":"SKIP","floor":22.0},{"not_picked":["Whirlwind+1","Metallicize","Clash+1"],"picked":"SKIP","floor":23.0},{"not_picked":["Body Slam+1","Thunderclap+1"],"picked":"Bloodletting","floor":24.0},{"not_picked":["Pummel+1","Flex","Twin Strike+1"],"picked":"SKIP","floor":25.0},{"not_picked":["Headbutt+1","Clothesline+1","Bludgeon+1"],"picked":"SKIP","floor":30.0},{"not_picked":["Feed+1","Exhume"],"picked":"Brutality","floor":33.0},{"not_picked":["Wild Strike+1","Flex+1"],"picked":"Inflame","floor":35.0},{"not_picked":["Iron Wave+1","True Grit","Dual Wield"],"picked":"SKIP","floor":36.0},{"not_picked":["Shockwave","Uppercut+1"],"picked":"Reaper+1","floor":37.0},{"not_picked":["Ghostly Armor","Spot Weakness"],"picked":"Uppercut+1","floor":38.0},{"not_picked":["Feel No Pain","Sword Boomerang+1"],"picked":"Shrug It Off","floor":39.0},{"not_picked":["Wild Strike+1","Blood for Blood+1","Clash+1"],"picked":"SKIP","floor":40.0},{"not_picked":["Twin Strike+1","Pommel Strike+1"],"picked":"Feel No Pain","floor":42.0},{"not_picked":["Headbutt+1","Thunderclap+1","Infernal Blade"],"picked":"SKIP","floor":45.0},{"not_picked":["Rage","Heavy Blade+1","Hemokinesis+1"],"picked":"SKIP","floor":47.0},{"not_picked":["Rage","Heavy Blade+1","Hemokinesis+1"],"picked":"SKIP","floor":47.0},{"not_picked":["Shrug It Off","Iron Wave+1"],"picked":"Combust","floor":49.0},{"not_picked":["Feel No Pain","Anger+1"],"picked":"Evolve","floor":53},{"not_picked":["Inflame","Clash+1"],"picked":"Corruption","floor":55}],"player_experience":1192062,"relics_obtained":[{"floor":6.0,"key":"Molten Egg 2"},{"floor":9.0,"key":"Bag of Marbles"},{"floor":11.0,"key":"Lantern"},{"floor":23.0,"key":"Paper Frog"},{"floor":25.0,"key":"Boot"},{"floor":26.0,"key":"Akabeko"},{"floor":30.0,"key":"Dream Catcher"},{"floor":40.0,"key":"Calipers"},{"floor":42.0,"key":"Dead Branch"},{"floor":45.0,"key":"Oddly Smooth Stone"},{"floor":47.0,"key":"Meat on the Bone"},{"floor":48.0,"key":"Bag of Preparation"},{"floor":55,"key":"Self Forming Clay"}],"event_choices":[{"cards_removed":["Defend_R"],"damage_healed":0.0,"max_hp_gain":0.0,"max_hp_loss":0.0,"gold_gain":0.0,"event_name":"Golden Wing","player_choice":"Card Removal","floor":4.0,"gold_loss":0.0,"damage_taken":7.0},{"cards_removed":["Defend_R"],"damage_healed":0.0,"max_hp_gain":0.0,"max_hp_loss":0.0,"gold_gain":0.0,"event_name":"The Cleric","player_choice":"Card Removal","floor":5.0,"gold_loss":75.0,"damage_taken":0.0},{"damage_healed":0.0,"max_hp_gain":0.0,"max_hp_loss":0.0,"gold_gain":0.0,"event_name":"Living Wall","player_choice":"Grow","floor":7.0,"gold_loss":0.0,"damage_taken":0.0,"cards_upgraded":["Disarm"]},{"damage_healed":0.0,"max_hp_gain":0.0,"max_hp_loss":0.0,"gold_gain":0.0,"event_name":"Ghosts","player_choice":"Ignored","floor":29.0,"gold_loss":0.0,"damage_taken":0.0},{"damage_healed":0.0,"max_hp_gain":0.0,"max_hp_loss":7.0,"gold_gain":0.0,"event_name":"Winding Halls","player_choice":"Max HP","floor":46.0,"gold_loss":0.0,"damage_taken":0.0}],"is_beta":false,"boss_relics":[{"not_picked":["Runic Dome","Cursed Key"],"picked":"Fusion Hammer"},{"not_picked":["Tiny House","Coffee Dripper"],"picked":"Black Blood"}],"items_purged_floors":[19],"is_endless":false,"potions_floor_spawned":[1,6,11,13,14,18,24,25,30,38,45,47],"killed_by":"The Heart","ascension_level":20}