{"gold_per_floor":[114,39,39,39,39,72,72,110,110,124,160,179,203,222,222,318,318,343,3,24,44,44,44,80,0,0,14,14,14,47,60,60,150,150,175,199,217,237,237,237,276,294,294,330,330,345,376,251,251,251,251,251,251,101,144,144],"floor_reached":57,"playtime":3074,"items_purged":["Strike_R","Strike_R","Strike_R","Strike_R"],"score":3040,"play_id":"22329cc2-9bdf-4d03-b4b4-bd798dbaa185","local_time":"20240107020000","is_ascension_mode":true,"campfire_choices":[{"data":"Bash","floor":7,"key":"SMITH"},{"data":"Demon Form","floor":15,"key":"SMITH"},{"floor":23,"key":"REST"},{"floor":28,"key":"REST"},{"floor":32,"key":"RECALL"},{"floor":40,"key":"REST"},{"floor":45,"key":"REST"},{"floor":49,"key":"REST"},{"floor":53,"key":"REST"}],"neow_cost":"NONE","seed_source_timestamp":2127594016556200,"circlet_count":0,"master_deck":["AscendersBane","Strike_R+1","Defend_R","Defend_R","Defend_R","Defend_R","Bash+1","Evolve","Anger","Carnage+1","Intimidate","Shrug It Off","Demon Form+1","Corruption","Disarm","Intimidate+1","Sentinel+1","Feed","Dark Embrace","Feel No Pain","Disarm","Barricade","Shrug It Off","Shrug It Off","Burning Pact","Warcry+1","Dual Wield+1","Shrug It Off"],"relics":["Burning Blood","NeowsBlessing","Ornamental Fan","Golden Idol","Art of War","Dead Branch","Bottled Tornado","Tiny Chest","Fusion Hammer","Happy Flower","Sundial","Regal Pillow","Philosopher\u0027s Stone","Anchor","Whetstone","Gremlin Horn","Bottled Lightning","StoneCalendar","Mummified Hand"],"potions_floor_usage":[16,24,33,44,56,56],"damage_taken":[{"damage":0,"enemies":"Cultist","floor":1,"turns":1},{"damage":0,"enemies":"Lagavulin","floor":6,"turns":1},{"damage":0,"enemies":"3 Sentries","floor":8,"turns":1},{"damage":0,"enemies":"Small Slimes","floor":10,"turns":2},{"damage":0,"enemies":"Gremlin Nob","floor":11,"turns":3},{"damage":0,"enemies":"2 Louse","floor":12,"turns":3},{"damage":20,"enemies":"Large Slime","floor":13,"turns":5},{"damage":10,"enemies":"Gremlin Gang","floor":14,"turns":6},{"damage":32,"enemies":"Hexaghost","floor":16,"turns":7},{"damage":29,"enemies":"3 Byrds","floor":18,"turns":4},{"damage":6,"enemies":"Shell Parasite","floor":20,"turns":4},{"damage":12,"enemies":"Sentry and Sphere","floor":21,"turns":4},{"damage":16,"enemies":"Gremlin Leader","floor":24,"turns":4},{"damage":17,"enemies":"Snecko","floor":27,"turns":5},{"damage":9,"enemies":"Book of Stabbing","floor":30,"turns":4},{"damage":6,"enemies":"Centurion and Healer","floor":31,"turns":3},{"damage":17,"enemies":"Collector","floor":33,"turns":7},{"damage":14,"enemies":"Orb Walker","floor":35,"turns":5},{"damage":24,"enemies":"3 Darklings","floor":37,"turns":4},{"damage":29,"enemies":"Maw","floor":38,"turns":7},{"damage":3,"enemies":"Giant Head","floor":41,"turns":4},{"damage":21,"enemies":"Spire Growth","floor":42,"turns":5},{"damage":14,"enemies":"Reptomancer","floor":44,"turns":5},{"damage":5,"enemies":"Sphere and 2 Shapes","floor":46,"turns":3},{"damage":2,"enemies":"Mind Bloom Boss Battle","floor":47,"turns":8},{"damage":60,"enemies":"Awakened One","floor":50,"turns":9},{"damage":9,"enemies":"Donu and Deca","floor":51,"turns":8},{"damage":7,"enemies":"Shield and Spear","floor":55,"turns":6},{"damage":27,"enemies":"The Heart","floor":56,"turns":7}],"seed_played":"3331214408782040905","potions_obtained":[{"floor":1,"key":"Regen Potion"},{"floor":8,"key":"Dexterity Potion"},{"floor":16,"key":"PowerPotion"},{"floor":27,"key":"SpeedPotion"},{"floor":30,"key":"SteroidPotion"},{"floor":37,"key":"DuplicationPotion"},{"floor":44,"key":"Dexterity Potion"},{"floor":47,"key":"BlessingOfTheForge"}],"is_trial":false,"path_per_floor":["M","$","T","?","?","E","R","E","T","M","E","M","M","M","R","B",null,"M","$","M","M","?","R","E","$","T","M","R","?","E","M","R","B",null,"M","T","M","M","?","R","E","M","T","E","R","M","?","$","R","B","B",null,"R","$","E","B",null],"character_chosen":"IRONCLAD","items_purchased":["Disarm","Happy Flower","Dark Embrace"],"campfire_rested":6,"item_purchase_floors":[19,19,25],"current_hp_per_floor":[74,74,74,79,51,57,57,63,63,69,75,80,66,62,62,51,73,50,50,50,44,38,62,52,52,52,44,68,68,65,68,68,61,83,75,75,60,37,37,79,86,75,75,67,101,104,107,107,107,56,56,99,113,113,112,91],"gold":144,"neow_bonus":"THREE_ENEMY_KILL","is_prod":false,"is_daily":false,"chose_seed":false,"campfire_upgraded":2,"win_rate":0,"timestamp":1704621600,"path_taken":["M","$","?","?","?","E","R","E","T","M","E","M","M","M","R","BOSS","M","$","M","M","?","R","E","$","T","?","R","?","E","M","R","BOSS","M","?","M","?","?","R","E","M","T","E","R","M","?","$","R","BOSS","BOSS","R","$","E","BOSS"],"build_version":"2022-12-18","purchased_purges":4,"victory":true,"max_hp_per_floor":[75,75,75,80,80,80,80,80,80,80,80,80,80,80,80,80,80,80,80,80,80,80,80,80,80,80,83,83,83,83,86,86,90,90,90,90,93,93,93,93,97,101,101,101,101,104,107,107,107,110,113,113,113,113,113,113],"card_choices":[{"not_picked":["Havoc","Pummel"],"picked":"Evolve","floor":1},{"not_picked":["Infernal Blade","Bloodletting"],"picked":"Anger","floor":6},{"not_picked":["Twin Strike","True Grit"],"picked":"Carnage","floor":8},{"not_picked":["Flex","Headbutt"],"picked":"Intimidate","floor":10},{"not_picked":["Anger","Bludgeon","Havoc"],"picked":"SKIP","floor":11},{"not_picked":["Clash","Twin Strike"],"picked":"Shrug It Off","floor":12},{"not_picked":["Anger","Uppercut"],"picked":"Demon Form","floor":13},{"not_picked":["Havoc","Cleave","Flex"],"picked":"SKIP","floor":14},{"not_picked":["Barricade","Immolate"],"picked":"Corruption","floor":16},{"not_picked":["Sword Boomerang","Cleave","Havoc+1"],"picked":"SKIP","floor":18},{"not_picked":["Rupture","Spot Weakness"],"picked":"Intimidate+1","floor":20},{"not_picked":["Cleave","Shrug It Off"],"picked":"Sentinel+1","floor":21},{"not_picked":["Anger","Wild Strike"],"picked":"Feed","floor":24},{"not_picked":["Cleave","Rampage","Anger"],"picked":"SKIP","floor":27},{"not_picked":["Anger","Dropkick"],"picked":"Disarm","floor":30},{"not_picked":["Hemokinesis","Rampage","Carnage"],"picked":"SKIP","floor":31},{"not_picked":["Double Tap","Reaper"],"picked":"Barricade","floor":33},{"not_picked":["Armaments","Havoc"],"picked":"Shrug It Off","floor":35},{"not_picked":["Anger","Sword Boomerang"],"picked":"Shrug It Off","floor":37},{"not_picked":["Clothesline","Twin Strike"],"picked":"Burning Pact","floor":38},{"not_picked":["Fire Breathing","Perfected Strike"],"picked":"Warcry+1","floor":41},{"not_picked":["Demon Form","Flex"],"picked":"Dual Wield+1","floor":42},{"not_picked":["Wild Strike","Entrench","Thunderclap+1"],"picked":"SKIP","floor":44},{"not_picked":["Feed","Uppercut"],"picked":"Shrug It Off","floor":46},{"not_picked":["Flex","Clothesline+1","Infernal Blade"],"picked":"SKIP","floor":55}],"player_experience":1204390,"relics_obtained":[{"floor":3,"key":"Ornamental Fan"},{"floor":6,"key":"Art of War"},{"floor":8,"key":"Dead Branch"},{"floor":9,"key":"Bottled Tornado"},{"floor":11,"key":"Tiny Chest"},{"floor":24,"key":"Sundial"},{"floor":30,"key":"Regal Pillow"},{"floor":36,"key":"Anchor"},{"floor":41,"key":"Whetstone"},{"floor":43,"key":"Gremlin Horn"},{"floor":44,"key":"Bottled Lightning"},{"floor":47,"key":"StoneCalendar"},{"floor":55,"key":"Mummified Hand"}],"event_choices":[{"damage_healed":0,"gold_gain":0,"player_choice":"Donut","damage_taken":0,"max_hp_gain":5,"max_hp_loss":0,"event_name":"Big Fish","floor":4,"gold_loss":0},{"damage_healed":0,"gold_gain":0,"player_choice":"Take Damage","damage_taken":28,"relics_obtained":["Golden Idol"],"max_hp_gain":0,"max_hp_loss":0,"event_name":"Golden Idol","floor":5,"gold_loss":0},{"damage_healed":0,"gold_gain":0,"player_choice":"","damage_taken":6,"max_hp_gain":0,"max_hp_loss":0,"event_name":"Knowing Skull","floor":22,"potions_obtained":[],"gold_loss":0,"cards_obtained":[]},{"damage_healed":0,"gold_gain":0,"player_choice":"Read","damage_taken":0,"max_hp_gain":0,"max_hp_loss":0,"event_name":"The Library","floor":29,"gold_loss":0,"cards_obtained":["Feel No Pain"]},{"damage_healed":0,"gold_gain":0,"player_choice":"Ignored","damage_taken":0,"max_hp_gain":0,"max_hp_loss":0,"event_name":"Tomb of Lord Red Mask","floor":39,"gold_loss":0},{"damage_healed":0,"gold_gain":0,"player_choice":"Fight","damage_taken":0,"max_hp_gain":0,"max_hp_loss":0,"event_name":"MindBloom","floor":47,"gold_loss":0}],"is_beta":false,"boss_relics":[{"not_picked":["Sozu","Empty Cage"],"picked":"Fusion Hammer"},{"not_picked":["Velvet Choker","Calling Bell"],"picked":"Philosopher\u0027s Stone"}],"items_purged_floors":[2,19,48,54],"is_endless":false,"potions_floor_spawned":[1,8,10,13,16,18,27,30,31,37,41,44,47],"ascension_level":20}