{"gold_per_floor":[217,237,256,273,52,81,81,109,109,109,109,124,143,155,155,232,232,246,83,97,97,113,113,113],"floor_reached":24,"playtime":1065,"items_purged":["Strike_R"],"score":520,"play_id":"28632087-3a7a-46c8-83e2-a6651bfd5f8a","local_time":"20240105233516","is_ascension_mode":true,"campfire_choices":[{"data":"Shockwave","floor":7,"key":"SMITH"},{"data":"Armaments","floor":10,"key":"SMITH"},{"data":"Carnage","floor":15,"key":"SMITH"},{"floor":23,"key":"REST"}],"neow_cost":"NONE","seed_source_timestamp":2034526454069800,"circlet_count":0,"master_deck":["AscendersBane","Strike_R","Strike_R","Strike_R","Strike_R","Defend_R","Defend_R","Defend_R","Defend_R","Bash","Armaments+1","Hemokinesis","Shockwave+1","Cleave","Inflame","Shrug It Off","Corruption","Carnage+1","Limit Break","Dark Embrace","Sentinel","Shockwave","Shrug It Off"],"relics":["Burning Blood","CaptainsWheel","Juzu Bracelet","HornCleat","Kunai","Runic Cube"],"potions_floor_usage":[6,16,20,24,24],"damage_taken":[{"damage":7,"enemies":"Jaw Worm","floor":1,"turns":3},{"damage":7,"enemies":"Small Slimes","floor":2,"turns":5},{"damage":2,"enemies":"2 Louse","floor":3,"turns":3},{"damage":12,"enemies":"2 Fungi Beasts","floor":4,"turns":5},{"damage":19,"enemies":"Lagavulin","floor":6,"turns":5},{"damage":8,"enemies":"Gremlin Nob","floor":8,"turns":4},{"damage":0,"enemies":"Large Slime","floor":12,"turns":5},{"damage":6,"enemies":"Looter","floor":13,"turns":3},{"damage":3,"enemies":"Red Slaver","floor":14,"turns":3},{"damage":4,"enemies":"Slime Boss","floor":16,"turns":5},{"damage":22,"enemies":"Shell Parasite","floor":18,"turns":6},{"damage":14,"enemies":"2 Thieves","floor":20,"turns":4},{"damage":37,"enemies":"Centurion and Healer","floor":22,"turns":5},{"damage":34,"enemies":"Book of Stabbing","floor":24,"turns":6}],"seed_played":"145664701269654288","potions_obtained":[{"floor":1,"key":"DuplicationPotion"},{"floor":2,"key":"SmokeBomb"},{"floor":4,"key":"BlessingOfTheForge"},{"floor":12,"key":"LiquidMemories"},{"floor":18,"key":"Block Potion"},{"floor":22,"key":"ColorlessPotion"}],"is_trial":false,"path_per_floor":["M","M","M","M","$","E","R","E","T","R","?","M","M","M","R","B",null,"M","$","M","?","M","R","E"],"character_chosen":"IRONCLAD","items_purchased":["Inflame","Shrug It Off","Dark Embrace","Sentinel"],"campfire_rested":1,"item_purchase_floors":[5,5,19,19],"current_hp_per_floor":[67,66,70,64,64,51,51,49,49,49,31,37,37,40,40,42,67,51,51,43,43,12,34,0],"gold":113,"neow_bonus":"HUNDRED_GOLD","is_prod":false,"is_daily":false,"chose_seed":false,"campfire_upgraded":3,"win_rate":0,"timestamp":1704526516,"path_taken":["M","M","M","M","$","E","R","E","T","R","?","M","M","M","R","BOSS","M","$","M","?","M","R","E"],"build_version":"2022-12-18","purchased_purges":1,"victory":false,"max_hp_per_floor":[75,75,75,75,75,75,75,75,75,75,75,75,75,75,75,75,75,75,75,75,75,75,75,75],"card_choices":[{"not_picked":["Havoc","Body Slam"],"picked":"Armaments","floor":1},{"not_picked":["Wild Strike","Havoc"],"picked":"Hemokinesis","floor":2},{"not_picked":["Combust","Entrench"],"picked":"Shockwave","floor":3},{"not_picked":["Power Through","Twin Strike"],"picked":"Cleave","floor":4},{"not_picked":["Sword Boomerang","Second Wind"],"picked":"Corruption","floor":6},{"not_picked":["Clothesline","Combust"],"picked":"Carnage","floor":8},{"not_picked":["Perfected Strike","Anger","Flex"],"picked":"SKIP","floor":12},{"not_picked":["Searing Blow","Wild Strike","Iron Wave"],"picked":"SKIP","floor":13},{"not_picked":["Dropkick","Sentinel","Warcry"],"picked":"SKIP","floor":14},{"not_picked":["Demon Form","Juggernaut"],"picked":"Limit Break","floor":16},{"not_picked":["Thunderclap","Wild Strike","Havoc"],"picked":"SKIP","floor":18},{"not_picked":["Fire Breathing","Clothesline"],"picked":"Shockwave","floor":20},{"not_picked":["Armaments","Heavy Blade","Carnage"],"picked":"SKIP","floor":22}],"player_experience":1185481,"relics_obtained":[{"floor":6,"key":"CaptainsWheel"},{"floor":8,"key":"Juzu Bracelet"},{"floor":9,"key":"HornCleat"}],"event_choices":[{"damage_healed":0,"gold_gain":0,"player_choice":"Success","damage_taken":18,"relics_obtained":["Kunai"],"max_hp_gain":0,"max_hp_loss":0,"event_name":"Scrap Ooze","floor":11,"gold_loss":0},{"damage_healed":0,"gold_gain":0,"player_choice":"Read","damage_taken":0,"max_hp_gain":0,"max_hp_loss":0,"event_name":"The Library","floor":21,"gold_loss":0,"cards_obtained":["Shrug It Off"]}],"is_beta":false,"boss_relics":[{"not_picked":["Tiny House","Black Blood"],"picked":"Runic Cube"}],"items_purged_floors":[5],"is_endless":false,"potions_floor_spawned":[1,2,4,12,14,18,22],"killed_by":"Book of Stabbing","ascension_level":20}