{"gold_per_floor":[119,119,131,151,171,199,209,209,236,249,269,269,300,300,300,371,371,391,470,488,508,13,39,50,62,86,86,86,117,134,169,169,169],"floor_reached":33,"playtime":1466,"items_purged":["Defend_R"],"score":642,"play_id":"31db79ce-2aad-4076-9fb7-8a01ca46a522","local_time":"20240106000931","is_ascension_mode":true,"campfire_choices":[{"data":"Armaments","floor":8,"key":"SMITH"},{"data":"Perfected Strike","floor":15,"key":"SMITH"},{"data":"Feed","floor":28,"key":"SMITH"},{"data":"Dual Wield","floor":32,"key":"SMITH"}],"neow_cost":"NONE","seed_source_timestamp":2036177289160100,"circlet_count":0,"master_deck":["AscendersBane","Strike_R","Strike_R+1","Strike_R","Strike_R","Strike_R","Bash","Iron Wave+1","Armaments+1","Perfected Strike","Perfected Strike+1","Shockwave+1","Headbutt","Flame Barrier","Immolate","Iron Wave+1","Dark Embrace","Rage","Feed+1","Dual Wield+1","Disarm","Bloodletting","Metallicize"],"relics":["Burning Blood","Regal Pillow","Art of War","Happy Flower","Akabeko","Blood Vial","Runic Pyramid","Bottled Lightning","Bag of Marbles","ClockworkSouvenir","Whetstone","Orichalcum","Eternal Feather","Smiling Mask"],"potions_floor_usage":[6,16,33],"damage_taken":[{"damage":14,"enemies":"Small Slimes","floor":1,"turns":4},{"damage":5,"enemies":"2 Louse","floor":3,"turns":2},{"damage":1,"enemies":"Cultist","floor":4,"turns":3},{"damage":5,"enemies":"Gremlin Gang","floor":5,"turns":7},{"damage":12,"enemies":"Lagavulin","floor":6,"turns":6},{"damage":16,"enemies":"Lots of Slimes","floor":7,"turns":5},{"damage":0,"enemies":"Blue Slaver","floor":10,"turns":2},{"damage":1,"enemies":"3 Louse","floor":11,"turns":3},{"damage":8,"enemies":"Gremlin Nob","floor":13,"turns":3},{"damage":34,"enemies":"Hexaghost","floor":16,"turns":9},{"damage":16,"enemies":"Shell Parasite","floor":18,"turns":3},{"damage":0,"enemies":"Chosen","floor":20,"turns":3},{"damage":14,"enemies":"Shelled Parasite and Fungi","floor":21,"turns":3},{"damage":23,"enemies":"Slavers","floor":23,"turns":5},{"damage":0,"enemies":"3 Cultists","floor":24,"turns":4},{"damage":0,"enemies":"Chosen and Byrds","floor":25,"turns":3},{"damage":19,"enemies":"Gremlin Leader","floor":29,"turns":4},{"damage":0,"enemies":"Snake Plant","floor":30,"turns":4},{"damage":19,"enemies":"Slavers","floor":31,"turns":4},{"damage":71,"enemies":"Automaton","floor":33,"turns":8}],"seed_played":"1446086590485455083","potions_obtained":[{"floor":3,"key":"DistilledChaos"},{"floor":5,"key":"Fire Potion"},{"floor":7,"key":"ColorlessPotion"},{"floor":11,"key":"AttackPotion"},{"floor":18,"key":"SpeedPotion"},{"floor":24,"key":"Fruit Juice"}],"is_trial":false,"path_per_floor":["M","?","M","M","M","E","M","R","T","M","M","?","E","?","R","B",null,"M","T","M","M","$","E","M","M","T","?","R","E","M","E","R","B"],"character_chosen":"IRONCLAD","items_purchased":["Bag of Marbles","ClockworkSouvenir","Rage"],"campfire_rested":0,"item_purchase_floors":[22,22,22],"current_hp_per_floor":[60,49,50,55,56,50,40,40,40,46,51,44,42,42,42,16,60,52,52,60,54,54,39,47,55,55,55,55,48,56,49,61,0],"gold":169,"neow_bonus":"RANDOM_COMMON_RELIC","is_prod":false,"is_daily":false,"chose_seed":false,"campfire_upgraded":4,"win_rate":0,"timestamp":1704528571,"path_taken":["M","?","M","M","M","E","M","R","T","M","M","?","E","?","R","BOSS","M","?","?","M","$","E","M","?","T","?","R","E","M","E","R","BOSS"],"build_version":"2022-12-18","purchased_purges":1,"victory":false,"max_hp_per_floor":[75,75,75,75,75,75,75,75,75,75,75,75,75,75,75,75,75,75,75,75,75,75,75,75,75,75,75,75,79,79,83,83,88],"card_choices":[{"not_picked":["Wild Strike","Clash"],"picked":"Iron Wave","floor":1},{"not_picked":["Clothesline","Warcry"],"picked":"Armaments","floor":3},{"not_picked":["Heavy Blade","Searing Blow"],"picked":"Perfected Strike","floor":4},{"not_picked":["Anger","Wild Strike"],"picked":"Perfected Strike","floor":5},{"not_picked":["Clash","Warcry"],"picked":"Shockwave","floor":6},{"not_picked":["Bludgeon","Iron Wave","Armaments"],"picked":"SKIP","floor":7},{"not_picked":["Bludgeon","Iron Wave","Armaments"],"picked":"SKIP","floor":7},{"not_picked":["Cleave","Sword Boomerang"],"picked":"Headbutt","floor":10},{"not_picked":["Havoc","Anger","Flex"],"picked":"SKIP","floor":11},{"not_picked":["Dark Embrace","Clothesline"],"picked":"Flame Barrier","floor":13},{"not_picked":["Berserk","Limit Break"],"picked":"Immolate","floor":16},{"not_picked":["Rupture","Blood for Blood"],"picked":"Iron Wave+1","floor":18},{"not_picked":["Pummel","Blood for Blood","Thunderclap"],"picked":"SKIP","floor":20},{"not_picked":["Cleave+1","Ghostly Armor"],"picked":"Dark Embrace","floor":21},{"not_picked":["Heavy Blade","Cleave","Ghostly Armor"],"picked":"SKIP","floor":23},{"not_picked":["Combust","Flex","Dark Embrace"],"picked":"SKIP","floor":24},{"not_picked":["Dual Wield","Second Wind"],"picked":"Feed","floor":25},{"not_picked":["Body Slam","Heavy Blade"],"picked":"Bloodletting","floor":29},{"not_picked":["Carnage","Second Wind","Iron Wave"],"picked":"SKIP","floor":30},{"not_picked":["Clothesline","Whirlwind"],"picked":"Metallicize","floor":31}],"player_experience":1187077,"relics_obtained":[{"floor":6,"key":"Happy Flower"},{"floor":9,"key":"Akabeko"},{"floor":13,"key":"Blood Vial"},{"floor":19,"key":"Bottled Lightning"},{"floor":23,"key":"Whetstone"},{"floor":26,"key":"Orichalcum"},{"floor":29,"key":"Eternal Feather"},{"floor":31,"key":"Smiling Mask"}],"event_choices":[{"damage_healed":0,"gold_gain":0,"player_choice":"Success","damage_taken":11,"relics_obtained":["Art of War"],"max_hp_gain":0,"max_hp_loss":0,"event_name":"Scrap Ooze","floor":2,"gold_loss":0},{"cards_removed":["Defend_R"],"damage_healed":0,"gold_gain":0,"player_choice":"Card Removal","damage_taken":7,"max_hp_gain":0,"max_hp_loss":0,"event_name":"Golden Wing","floor":12,"gold_loss":0},{"damage_healed":0,"gold_gain":0,"player_choice":"Upgraded","damage_taken":0,"max_hp_gain":0,"max_hp_loss":0,"event_name":"Upgrade Shrine","floor":14,"gold_loss":0,"cards_upgraded":["Shockwave"]},{"damage_healed":0,"gold_gain":0,"cards_transformed":["Defend_R","Defend_R"],"player_choice":"Became Test Subject","damage_taken":0,"max_hp_gain":0,"max_hp_loss":0,"event_name":"Drug Dealer","floor":27,"gold_loss":0,"cards_obtained":["Dual Wield","Disarm"]}],"is_beta":false,"boss_relics":[{"not_picked":["Busted Crown","Tiny House"],"picked":"Runic Pyramid"}],"items_purged_floors":[22],"is_endless":false,"potions_floor_spawned":[3,5,7,11,18,24],"killed_by":"Automaton","ascension_level":20}