{"gold_per_floor":[118,118,138,19,19,51,63,92,104,116,128,167,190,235,247,337,349,372,434,28,45,58,58,68,68,92,103,103,136,147,180,180,180],"floor_reached":33,"playtime":1077,"items_purged":["Normality","Strike_R"],"score":760,"play_id":"d3903765-dbcd-4b98-9368-0eddb94edb5d","local_time":"20240107005728","is_ascension_mode":true,"campfire_choices":[{"data":"Bash","floor":7,"key":"SMITH"},{"data":"Immolate","floor":15,"key":"SMITH"},{"data":"Immolate","floor":23,"key":"SMITH"},{"data":"Warcry","floor":25,"key":"SMITH"},{"data":"Dark Embrace","floor":32,"key":"SMITH"}],"neow_cost":"CURSE","seed_source_timestamp":2125854693171300,"circlet_count":0,"master_deck":["AscendersBane","Strike_R+1","Strike_R","Defend_R","Defend_R","Defend_R","Defend_R","Bash+1","Bludgeon+1","Warcry+1","Burning Pact+1","Sentinel","Cleave","Thunderclap","Immolate+1","Immolate+1","Feed","Second Wind+1","Havoc+1","Flame Barrier+1","Dark Embrace+1","Metallicize"],"relics":["Burning Blood","InkBottle","MawBank","Letter Opener","Toxic Egg 2","Paper Frog","Philosopher\u0027s Stone","Membership Card","Gambling Chip","Vajra","StrikeDummy","Ancient Tea Set"],"potions_floor_usage":[14,16,24,33],"damage_taken":[{"damage":9,"enemies":"Jaw Worm","floor":1,"turns":3},{"damage":0,"enemies":"Cultist","floor":3,"turns":3},{"damage":46,"enemies":"Lagavulin","floor":6,"turns":8},{"damage":0,"enemies":"Small Slimes","floor":8,"turns":2},{"damage":30,"enemies":"3 Sentries","floor":12,"turns":6},{"damage":1,"enemies":"Looter","floor":13,"turns":2},{"damage":15,"enemies":"Lagavulin","floor":14,"turns":6},{"damage":0,"enemies":"Slime Boss","floor":16,"turns":3},{"damage":0,"enemies":"Chosen","floor":18,"turns":2},{"damage":17,"enemies":"3 Byrds","floor":21,"turns":3},{"damage":0,"enemies":"Centurion and Healer","floor":22,"turns":3},{"damage":17,"enemies":"Snake Plant","floor":24,"turns":2},{"damage":0,"enemies":"3 Cultists","floor":27,"turns":3},{"damage":0,"enemies":"Gremlin Leader","floor":29,"turns":5},{"damage":20,"enemies":"Shelled Parasite and Fungi","floor":30,"turns":3},{"damage":8,"enemies":"Slavers","floor":31,"turns":2},{"damage":91,"enemies":"Automaton","floor":33,"turns":6}],"seed_played":"-2287623012306352468","potions_obtained":[{"floor":1,"key":"FairyPotion"},{"floor":8,"key":"Weak Potion"},{"floor":14,"key":"DistilledChaos"},{"floor":22,"key":"Swift Potion"},{"floor":27,"key":"SpeedPotion"},{"floor":31,"key":"Energy Potion"}],"is_trial":false,"path_per_floor":["M","?","M","$","T","E","R","M","T","?","?","E","M","E","R","B",null,"M","?","$","M","M","R","M","R","T","M","?","E","M","E","R","B"],"character_chosen":"IRONCLAD","items_purchased":["Sentinel","Membership Card","Gambling Chip","Second Wind+1"],"campfire_rested":0,"item_purchase_floors":[4,20,20,20],"current_hp_per_floor":[65,65,71,71,71,31,31,37,37,37,14,18,23,14,14,20,61,70,63,63,52,61,61,50,50,50,59,59,68,54,52,52,0],"gold":180,"neow_bonus":"THREE_RARE_CARDS","is_prod":false,"is_daily":false,"chose_seed":false,"campfire_upgraded":5,"win_rate":0,"timestamp":1704617848,"path_taken":["M","?","M","$","?","E","R","M","T","?","?","E","M","E","R","BOSS","M","?","$","M","?","R","M","R","T","M","?","E","M","E","R","BOSS"],"build_version":"2022-12-18","purchased_purges":2,"victory":false,"max_hp_per_floor":[75,75,75,75,75,75,75,75,75,75,75,75,75,75,75,75,75,78,78,78,78,81,81,81,81,81,84,84,87,87,87,87,87],"card_choices":[{"not_picked":["Corruption","Exhume"],"picked":"Bludgeon","floor":0},{"not_picked":["Shrug It Off","Carnage"],"picked":"Warcry","floor":1},{"not_picked":["Flex","Warcry"],"picked":"Burning Pact","floor":3},{"not_picked":["Evolve","Headbutt"],"picked":"Cleave","floor":6},{"not_picked":["Sword Boomerang","Blood for Blood","Carnage"],"picked":"SKIP","floor":8},{"not_picked":["Iron Wave","Intimidate+1"],"picked":"Immolate","floor":12},{"not_picked":["Hemokinesis","Iron Wave","Sword Boomerang"],"picked":"SKIP","floor":13},{"not_picked":["Barricade","Clash"],"picked":"Immolate","floor":14},{"not_picked":["Corruption","Fiend Fire"],"picked":"Feed","floor":16},{"not_picked":["Flex+1","Headbutt","Carnage+1"],"picked":"SKIP","floor":18},{"not_picked":["Thunderclap","Body Slam","Twin Strike"],"picked":"SKIP","floor":21},{"not_picked":["Iron Wave","Thunderclap"],"picked":"Havoc+1","floor":22},{"not_picked":["Dropkick","Dual Wield+1"],"picked":"Flame Barrier+1","floor":24},{"not_picked":["Body Slam","Dropkick"],"picked":"Dark Embrace","floor":27},{"not_picked":["Demon Form","Wild Strike"],"picked":"Metallicize","floor":29},{"not_picked":["Pummel","Heavy Blade+1","Intimidate+1"],"picked":"SKIP","floor":30},{"not_picked":["Reckless Charge","Iron Wave","Pommel Strike"],"picked":"SKIP","floor":31}],"player_experience":1202842,"relics_obtained":[{"floor":5,"key":"InkBottle"},{"floor":6,"key":"MawBank"},{"floor":9,"key":"Letter Opener"},{"floor":12,"key":"Toxic Egg 2"},{"floor":14,"key":"Paper Frog"},{"floor":26,"key":"Vajra"},{"floor":29,"key":"StrikeDummy"},{"floor":31,"key":"Ancient Tea Set"}],"event_choices":[{"damage_healed":0,"gold_gain":0,"player_choice":"Upgraded","damage_taken":0,"max_hp_gain":0,"max_hp_loss":0,"event_name":"Upgrade Shrine","floor":2,"gold_loss":0,"cards_upgraded":["Bludgeon"]},{"damage_healed":0,"gold_gain":0,"cards_transformed":["Strike_R"],"player_choice":"Change","damage_taken":0,"max_hp_gain":0,"max_hp_loss":0,"event_name":"Living Wall","floor":10,"gold_loss":0,"cards_obtained":["Thunderclap"]},{"damage_healed":0,"gold_gain":0,"player_choice":"Entered Light","damage_taken":23,"max_hp_gain":0,"max_hp_loss":0,"event_name":"Shining Light","floor":11,"gold_loss":0,"cards_upgraded":["Strike_R","Burning Pact"]},{"damage_healed":0,"gold_gain":50,"player_choice":"Touch","damage_taken":7,"max_hp_gain":0,"max_hp_loss":0,"event_name":"FaceTrader","floor":19,"gold_loss":0},{"cards_removed":["Strike_R"],"damage_healed":0,"gold_gain":0,"player_choice":"Elegance","damage_taken":0,"max_hp_gain":0,"max_hp_loss":0,"event_name":"Back to Basics","floor":28,"gold_loss":0}],"is_beta":false,"boss_relics":[{"not_picked":["Empty Cage","Busted Crown"],"picked":"Philosopher\u0027s Stone"}],"items_purged_floors":[4,20],"is_endless":false,"potions_floor_spawned":[1,8,14,22,27,31],"killed_by":"Automaton","ascension_level":20}