{"gold_per_floor":[118,128,108,121,138,171,183,183,183,183,195,211,261,294,294,294],"floor_reached":16,"playtime":531,"items_purged":[],"score":228,"play_id":"2b19797e-15c2-4419-9e21-0525945867fe","local_time":"20240105234450","is_ascension_mode":true,"campfire_choices":[{"data":"Uppercut","floor":8,"key":"SMITH"},{"data":"Carnage","floor":10,"key":"SMITH"},{"data":"Combust","floor":15,"key":"SMITH"}],"neow_cost":"PERCENT_DAMAGE","seed_source_timestamp":2035603278195600,"circlet_count":0,"master_deck":["AscendersBane","Strike_R","Strike_R","Strike_R","Defend_R","Defend_R","Defend_R","Defend_R","Bash","Bloodletting","Corruption","Uppercut+1","Infernal Blade","Iron Wave","Combust+1","Carnage+1","Headbutt","Battle Trance","Flame Barrier"],"special_seed":0,"relics":["Burning Blood","Boot","Bag of Marbles","Happy Flower"],"potions_floor_usage":[16],"damage_taken":[{"damage":10.0,"enemies":"Cultist","floor":1.0,"turns":4.0},{"damage":6.0,"enemies":"2 Louse","floor":2.0,"turns":3.0},{"damage":10.0,"enemies":"Jaw Worm","floor":4.0,"turns":3.0},{"damage":2.0,"enemies":"2 Fungi Beasts","floor":5.0,"turns":5.0},{"damage":18.0,"enemies":"Lagavulin","floor":6.0,"turns":7.0},{"damage":7,"enemies":"Exordium Wildlife","floor":7,"turns":4},{"damage":0,"enemies":"Red Slaver","floor":11,"turns":1},{"damage":3,"enemies":"Gremlin Gang","floor":12,"turns":1},{"damage":1,"enemies":"Gremlin Nob","floor":14,"turns":3},{"damage":62,"enemies":"Slime Boss","floor":16,"turns":7}],"seed_played":"4157615024095208431","potions_obtained":[{"floor":2.0,"key":"Fire Potion"},{"floor":3.0,"key":"Regen Potion"},{"floor":5.0,"key":"SkillPotion"},{"floor":7,"key":"Ancient Potion"},{"floor":14,"key":"Fruit Juice"}],"is_trial":false,"path_per_floor":["M","M","?","M","M","E","M","R","T","R","M","M","?","E","R","B"],"character_chosen":"IRONCLAD","items_purchased":[],"campfire_rested":0,"item_purchase_floors":[],"current_hp_per_floor":[46,46,46,42,60,48,47,47,47,47,53,56,49,54,54,0],"gold":294,"neow_bonus":"TRANSFORM_TWO_CARDS","is_prod":false,"is_daily":false,"chose_seed":false,"campfire_upgraded":3,"win_rate":0,"timestamp":1704527090,"path_taken":["M","M","?","?","M","E","M","R","T","R","M","M","?","E","R","BOSS"],"build_version":"2022-12-18","purchased_purges":0,"victory":false,"max_hp_per_floor":[75,75,75,75,75,75,75,75,75,75,75,75,75,75,75,80],"card_choices":[{"not_picked":["Body Slam","Warcry"],"picked":"Uppercut","floor":1.0},{"not_picked":["Thunderclap","Clothesline"],"picked":"Infernal Blade","floor":2.0},{"not_picked":["Sword Boomerang","Bloodletting"],"picked":"Iron Wave","floor":4.0},{"not_picked":["True Grit","Cleave"],"picked":"Combust","floor":5.0},{"not_picked":["Seeing Red","Body Slam"],"picked":"Carnage","floor":6.0},{"not_picked":["True Grit","Flex"],"picked":"Headbutt","floor":7},{"not_picked":["Armaments","Heavy Blade"],"picked":"Battle Trance","floor":11},{"not_picked":["Power Through","Uppercut"],"picked":"Flame Barrier","floor":12},{"not_picked":["Headbutt","Clothesline","Cleave"],"picked":"SKIP","floor":14}],"player_experience":1186546,"relics_obtained":[{"floor":6.0,"key":"Boot"},{"floor":9,"key":"Bag of Marbles"},{"floor":14,"key":"Happy Flower"}],"event_choices":[{"damage_healed":0.0,"max_hp_gain":0.0,"max_hp_loss":0.0,"gold_gain":0.0,"event_name":"The Woman in Blue","player_choice":"Bought 1 Potion","floor":3.0,"gold_loss":0.0,"damage_taken":0.0},{"damage_healed":0,"gold_gain":50,"player_choice":"Touch","damage_taken":7,"max_hp_gain":0,"max_hp_loss":0,"event_name":"FaceTrader","floor":13,"gold_loss":0}],"is_beta":false,"boss_relics":[],"items_purged_floors":[],"is_endless":false,"potions_floor_spawned":[2,5,7,14],"killed_by":"Slime Boss","ascension_level":20}