{"gold_per_floor":[116,133,144,69,69,69,69,84,110,139,154,154,174,205,205,282,282,293,183,199,199,40,73,73,83,83,83,96,110,141,159,159,233,233,253,266,266,6,21,49,49,81,81,81,81,91,91,116,116,116,116,116,116,16,42,42],"floor_reached":57,"playtime":3194,"items_purged":["Strike_R","Strike_R"],"score":2759,"play_id":"51b162ef-c8d8-4372-b118-95ea50668c62","local_time":"20240117020806","is_ascension_mode":true,"campfire_choices":[{"data":"Bash","floor":6,"key":"SMITH"},{"data":"Evolve","floor":12,"key":"SMITH"},{"data":"Pommel Strike","floor":15,"key":"SMITH"},{"floor":24,"key":"REST"},{"data":"Shockwave","floor":27,"key":"SMITH"},{"data":"Spot Weakness","floor":32,"key":"SMITH"},{"data":"Disarm","floor":41,"key":"SMITH"},{"floor":45,"key":"RECALL"},{"data":"Impervious","floor":47,"key":"SMITH"},{"floor":49,"key":"REST"},{"data":"Limit Break","floor":53,"key":"SMITH"}],"neow_cost":"TEN_PERCENT_HP_LOSS","seed_source_timestamp":579612116094100,"circlet_count":0,"master_deck":["AscendersBane","Strike_R+1","Strike_R","Defend_R","Defend_R","Defend_R","Bash+1","Shrug It Off","Evolve+1","Spot Weakness+1","Cleave+1","Headbutt+1","Disarm+1","Exhume","Impervious+1","Shockwave+1","Inflame","Pummel+1","Heavy Blade+1","Uppercut+1","Barricade","Shrug It Off+1","Exhume","Fiend Fire+1","Dark Embrace","Second Wind","Limit Break+1","Dark Embrace","Limit Break"],"relics":["Burning Blood","Magic Flower","Anchor","Ancient Tea Set","Molten Egg 2","Oddly Smooth Stone","Snecko Eye","Centennial Puzzle","Self Forming Clay","Happy Flower","Mark of Pain","White Beast Statue","Ginger","Darkstone Periapt","Dead Branch"],"potions_floor_usage":[13,14,23,29,30,33,33,40,56,56],"damage_taken":[{"damage":11,"enemies":"Jaw Worm","floor":1,"turns":5},{"damage":1,"enemies":"Small Slimes","floor":2,"turns":4},{"damage":7,"enemies":"Cultist","floor":3,"turns":4},{"damage":0,"enemies":"3 Louse","floor":8,"turns":5},{"damage":14,"enemies":"3 Sentries","floor":10,"turns":8},{"damage":4,"enemies":"Exordium Wildlife","floor":11,"turns":2},{"damage":0,"enemies":"Lots of Slimes","floor":13,"turns":2},{"damage":28,"enemies":"Lagavulin","floor":14,"turns":7},{"damage":14,"enemies":"Hexaghost","floor":16,"turns":10},{"damage":34,"enemies":"3 Byrds","floor":18,"turns":7},{"damage":15,"enemies":"Chosen","floor":20,"turns":8},{"damage":28,"enemies":"Book of Stabbing","floor":23,"turns":7},{"damage":9,"enemies":"Centurion and Healer","floor":25,"turns":5},{"damage":0,"enemies":"Snecko","floor":28,"turns":4},{"damage":8,"enemies":"Shelled Parasite and Fungi","floor":29,"turns":3},{"damage":14,"enemies":"Slavers","floor":30,"turns":2},{"damage":3,"enemies":"Snake Plant","floor":31,"turns":3},{"damage":26,"enemies":"Automaton","floor":33,"turns":7},{"damage":10,"enemies":"3 Darklings","floor":35,"turns":4},{"damage":0,"enemies":"Orb Walker","floor":36,"turns":2},{"damage":22,"enemies":"Sphere and 2 Shapes","floor":39,"turns":7},{"damage":24,"enemies":"Reptomancer","floor":40,"turns":6},{"damage":2,"enemies":"Nemesis","floor":42,"turns":7},{"damage":6,"enemies":"4 Shapes","floor":46,"turns":4},{"damage":25,"enemies":"Reptomancer","floor":48,"turns":4},{"damage":8,"enemies":"Time Eater","floor":50,"turns":5},{"damage":2,"enemies":"Awakened One","floor":51,"turns":10},{"damage":5,"enemies":"Shield and Spear","floor":55,"turns":7},{"damage":36,"enemies":"The Heart","floor":56,"turns":8}],"seed_played":"463978685633023409","potions_obtained":[{"floor":2,"key":"FearPotion"},{"floor":10,"key":"ColorlessPotion"},{"floor":14,"key":"ElixirPotion"},{"floor":16,"key":"GamblersBrew"},{"floor":20,"key":"Explosive Potion"},{"floor":23,"key":"BloodPotion"},{"floor":29,"key":"ColorlessPotion"},{"floor":30,"key":"EssenceOfSteel"},{"floor":31,"key":"SkillPotion"},{"floor":35,"key":"SkillPotion"},{"floor":36,"key":"SmokeBomb"},{"floor":39,"key":"EssenceOfSteel"},{"floor":42,"key":"SpeedPotion"},{"floor":46,"key":"LiquidBronze"},{"floor":48,"key":"ElixirPotion"},{"floor":55,"key":"Ancient Potion"}],"is_trial":false,"path_per_floor":["M","M","M","?","T","R","?","M","T","E","M","R","M","E","R","B",null,"M","?","M","?","$","E","R","M","T","R","M","M","E","M","R","B",null,"M","M","?","$","M","E","R","E","T","?","R","M","R","E","R","B","B",null,"R","$","E","B",null],"character_chosen":"IRONCLAD","items_purchased":["DistilledChaos","Fiend Fire+1","Dark Embrace"],"campfire_rested":2,"item_purchase_floors":[22,38,38],"current_hp_per_floor":[66,68,68,68,68,68,73,73,73,68,73,73,73,54,54,49,67,42,42,36,36,36,17,38,38,38,38,47,62,57,63,63,46,66,65,73,73,73,60,45,45,52,52,52,52,55,55,39,60,61,68,72,72,72,73,46],"gold":42,"neow_bonus":"ONE_RARE_RELIC","is_prod":false,"is_daily":false,"chose_seed":false,"campfire_upgraded":8,"win_rate":0,"timestamp":1705486086,"path_taken":["M","M","M","?","?","R","?","M","T","E","M","R","M","E","R","BOSS","M","?","?","?","$","E","R","M","T","R","M","M","E","M","R","BOSS","M","M","?","$","?","E","R","E","T","?","R","M","R","E","R","BOSS","BOSS","R","$","E","BOSS"],"build_version":"2022-12-18","purchased_purges":2,"victory":true,"max_hp_per_floor":[68,68,68,68,68,68,73,73,73,73,73,73,73,73,73,73,73,73,73,73,73,73,73,73,73,73,73,73,73,73,73,73,73,73,73,73,73,73,73,73,73,73,73,73,73,73,73,73,73,73,73,73,73,73,73,73],"card_choices":[{"not_picked":["Sword Boomerang","Power Through"],"picked":"Shrug It Off","floor":1},{"not_picked":["Perfected Strike","Thunderclap"],"picked":"Evolve","floor":2},{"not_picked":["Bloodletting","Cleave"],"picked":"Spot Weakness","floor":3},{"not_picked":["Whirlwind","Iron Wave"],"picked":"Pommel Strike","floor":8},{"not_picked":["Dropkick+1","Reckless Charge+1"],"picked":"Cleave+1","floor":10},{"not_picked":["Battle Trance","Burning Pact"],"picked":"Headbutt+1","floor":11},{"not_picked":["Whirlwind+1","Warcry"],"picked":"Disarm","floor":13},{"not_picked":["Berserk","Whirlwind+1"],"picked":"Exhume","floor":14},{"not_picked":["Juggernaut","Double Tap"],"picked":"Impervious","floor":16},{"not_picked":["Clothesline+1","Warcry"],"picked":"Shockwave","floor":18},{"not_picked":["Perfected Strike+1","Rage","Thunderclap+1"],"picked":"SKIP","floor":20},{"not_picked":["Hemokinesis+1","Dual Wield"],"picked":"Inflame","floor":23},{"not_picked":["Clash+1","Iron Wave+1"],"picked":"Pummel+1","floor":25},{"not_picked":["Body Slam+1","Clash+1","Battle Trance"],"picked":"SKIP","floor":28},{"not_picked":["Thunderclap+1","Warcry"],"picked":"Heavy Blade+1","floor":29},{"not_picked":["Iron Wave+1","Blood for Blood+1"],"picked":"Uppercut+1","floor":30},{"not_picked":["Double Tap","Sword Boomerang+1","Headbutt+1"],"picked":"SKIP","floor":31},{"not_picked":["Exhume","Bludgeon+1"],"picked":"Barricade","floor":33},{"not_picked":["Iron Wave+1","Havoc"],"picked":"Shrug It Off+1","floor":35},{"not_picked":["Anger+1","Ghostly Armor","Havoc"],"picked":"SKIP","floor":36},{"not_picked":["Shrug It Off","Wild Strike+1","Uppercut+1"],"picked":"SKIP","floor":39},{"not_picked":["Anger+1","Spot Weakness"],"picked":"Second Wind","floor":40},{"not_picked":["Wild Strike+1","Twin Strike+1"],"picked":"Limit Break","floor":42},{"not_picked":["Body Slam+1","True Grit","Anger+1"],"picked":"SKIP","floor":46},{"not_picked":["Carnage+1","Flex"],"picked":"Dark Embrace","floor":48},{"not_picked":["Bloodletting","Clothesline+1"],"picked":"Limit Break","floor":55}],"player_experience":1242141,"relics_obtained":[{"floor":5,"key":"Anchor"},{"floor":9,"key":"Ancient Tea Set"},{"floor":10,"key":"Molten Egg 2"},{"floor":14,"key":"Oddly Smooth Stone"},{"floor":23,"key":"Centennial Puzzle"},{"floor":26,"key":"Self Forming Clay"},{"floor":30,"key":"Happy Flower"},{"floor":40,"key":"White Beast Statue"},{"floor":42,"key":"Ginger"},{"floor":48,"key":"Darkstone Periapt"},{"floor":55,"key":"Dead Branch"}],"event_choices":[{"cards_removed":["Defend_R"],"damage_healed":0,"gold_gain":0,"player_choice":"Card Removal","damage_taken":0,"max_hp_gain":0,"max_hp_loss":0,"event_name":"The Cleric","floor":4,"gold_loss":75},{"damage_healed":0,"gold_gain":0,"player_choice":"Donut","damage_taken":0,"max_hp_gain":5,"max_hp_loss":0,"event_name":"Big Fish","floor":7,"gold_loss":0},{"cards_removed":["Strike_R"],"damage_healed":0,"gold_gain":0,"player_choice":"Upgrade and Remove","damage_taken":0,"max_hp_gain":0,"max_hp_loss":0,"event_name":"Designer","floor":19,"gold_loss":110,"cards_upgraded":["Strike_R"]},{"damage_healed":0,"gold_gain":0,"player_choice":"Ignored","damage_taken":0,"max_hp_gain":0,"max_hp_loss":0,"event_name":"Cursed Tome","floor":21,"gold_loss":0},{"damage_healed":0,"gold_gain":0,"player_choice":"Copied","damage_taken":0,"max_hp_gain":0,"max_hp_loss":0,"event_name":"Duplicator","floor":37,"gold_loss":0,"cards_obtained":["Exhume"]},{"cards_removed":["Pommel Strike"],"damage_healed":0,"gold_gain":0,"player_choice":"Removed Attack","damage_taken":0,"max_hp_gain":0,"max_hp_loss":0,"event_name":"Falling","floor":44,"gold_loss":0}],"is_beta":false,"boss_relics":[{"not_picked":["Busted Crown","Runic Cube"],"picked":"Snecko Eye"},{"not_picked":["SlaversCollar","Velvet Choker"],"picked":"Mark of Pain"}],"items_purged_floors":[22,54],"is_endless":false,"potions_floor_spawned":[2,10,14,16,20,23,29,30,31,35,36,39,42,46,48,55],"ascension_level":20}