{"gold_per_floor":[210,225,7,27,43,43,77,97,97,97,97,123,141,154,154,231,231,241,156,156,156,43,43],"floor_reached":23,"playtime":937,"items_purged":["Strike_R"],"score":427,"play_id":"26a7cec2-152d-4d80-b473-538d99f12262","local_time":"20240117011110","is_ascension_mode":true,"campfire_choices":[{"data":"Immolate","floor":6,"key":"SMITH"},{"floor":11,"key":"REST"},{"data":"Feed","floor":15,"key":"SMITH"}],"neow_cost":"NONE","seed_source_timestamp":578466939916000,"circlet_count":0,"master_deck":["AscendersBane","Strike_R","Strike_R","Strike_R","Strike_R","Defend_R","Defend_R+1","Defend_R","Defend_R","Bash","Metallicize+1","Anger","Feed+1","Immolate+1","Uppercut","True Grit","Offering","Second Wind","Exhume","Armaments+1"],"relics":["Burning Blood","Art of War","Oddly Smooth Stone","Runic Pyramid","Toxic Egg 2"],"potions_floor_usage":[4,5,13,16,23],"damage_taken":[{"damage":16,"enemies":"Jaw Worm","floor":1,"turns":5},{"damage":8,"enemies":"Small Slimes","floor":2,"turns":4},{"damage":0,"enemies":"2 Louse","floor":4,"turns":1},{"damage":8,"enemies":"Lots of Slimes","floor":5,"turns":4},{"damage":17,"enemies":"3 Sentries","floor":7,"turns":6},{"damage":20,"enemies":"Large Slime","floor":8,"turns":7},{"damage":4,"enemies":"Gremlin Nob","floor":12,"turns":3},{"damage":1,"enemies":"3 Louse","floor":13,"turns":3},{"damage":0,"enemies":"Exordium Wildlife","floor":14,"turns":3},{"damage":30,"enemies":"Slime Boss","floor":16,"turns":12},{"damage":11,"enemies":"3 Byrds","floor":18,"turns":5},{"damage":51,"enemies":"Book of Stabbing","floor":23,"turns":6}],"seed_played":"1953674147189914015","potions_obtained":[{"floor":2,"key":"Explosive Potion"},{"floor":5,"key":"PowerPotion"},{"floor":7,"key":"SteroidPotion"},{"floor":8,"key":"DistilledChaos"}],"is_trial":false,"path_per_floor":["M","M","$","M","M","R","E","M","T","?","R","E","M","M","R","B",null,"M","?","?","?","$","E"],"character_chosen":"IRONCLAD","items_purchased":["Feed","AttackPotion","SteroidPotion","Armaments+1"],"campfire_rested":1,"item_purchase_floors":[3,3,22,22],"current_hp_per_floor":[58,56,56,65,66,66,58,47,47,21,47,49,57,66,66,42,80,79,79,79,50,50,0],"gold":43,"neow_bonus":"HUNDRED_GOLD","is_prod":false,"is_daily":false,"chose_seed":false,"campfire_upgraded":2,"win_rate":0,"timestamp":1705482670,"path_taken":["M","M","$","M","M","R","E","M","T","?","R","E","M","M","R","BOSS","M","?","?","?","$","E"],"build_version":"2022-12-18","purchased_purges":1,"victory":false,"max_hp_per_floor":[75,75,75,78,81,81,84,87,87,87,87,87,90,93,93,93,93,97,97,97,102,102,102],"card_choices":[{"not_picked":["Sword Boomerang","Iron Wave"],"picked":"Metallicize","floor":1},{"not_picked":["Headbutt","Entrench"],"picked":"Anger","floor":2},{"not_picked":["Reckless Charge","Combust","Clash"],"picked":"SKIP","floor":4},{"not_picked":["Infernal Blade","Wild Strike"],"picked":"Immolate","floor":5},{"not_picked":["Clothesline","Dropkick"],"picked":"Uppercut","floor":7},{"not_picked":["Burning Pact","Ghostly Armor"],"picked":"True Grit","floor":8},{"not_picked":["Seeing Red","Wild Strike"],"picked":"Offering","floor":12},{"not_picked":["Intimidate","Rampage","Clothesline"],"picked":"SKIP","floor":13},{"not_picked":["Wild Strike","Rage"],"picked":"Second Wind","floor":14},{"not_picked":["Limit Break","Barricade"],"picked":"Exhume","floor":16},{"not_picked":["Second Wind","Sword Boomerang","Warcry"],"picked":"SKIP","floor":18}],"player_experience":1241204,"relics_obtained":[{"floor":7,"key":"Art of War"},{"floor":12,"key":"Oddly Smooth Stone"}],"event_choices":[{"damage_healed":0,"gold_gain":0,"player_choice":"Entered Light","damage_taken":26,"max_hp_gain":0,"max_hp_loss":0,"event_name":"Shining Light","floor":10,"gold_loss":0,"cards_upgraded":["Defend_R","Metallicize"]},{"damage_healed":0,"gold_gain":0,"player_choice":"Obtained Relic","damage_taken":0,"relics_obtained":["Toxic Egg 2"],"max_hp_gain":0,"max_hp_loss":0,"event_name":"Addict","floor":19,"gold_loss":85},{"damage_healed":0,"gold_gain":0,"player_choice":"Ignored","damage_taken":0,"max_hp_gain":0,"max_hp_loss":0,"event_name":"The Mausoleum","floor":20,"gold_loss":0},{"damage_healed":0,"gold_gain":0,"player_choice":"Shed Blood","damage_taken":34,"max_hp_gain":5,"max_hp_loss":0,"event_name":"Forgotten Altar","floor":21,"gold_loss":0}],"is_beta":false,"boss_relics":[{"not_picked":["Coffee Dripper","SlaversCollar"],"picked":"Runic Pyramid"}],"items_purged_floors":[3],"is_endless":false,"potions_floor_spawned":[2,5,7,8],"killed_by":"Book of Stabbing","ascension_level":20}