{"gold_per_floor":[119,137,151,163,163,163,188,188,243,265,299,41,74,24,24,110,110,130,2,31,41,65,65,100,124,124,124,152,77,118,140,140,216,216,244,263,0,12,12,51,70,103,103,103,122,143,154,189,189,189,189,189,189,44,83,83],"floor_reached":56,"playtime":4185,"items_purged":["Strike_R","Strike_R","Strike_R","Strike_R","Perfected Strike"],"score":2156,"play_id":"d31066a5-b676-48fc-9901-3b836e85e791","local_time":"20240128155728","is_ascension_mode":true,"campfire_choices":[{"data":"Bash","floor":6.0,"key":"SMITH"},{"data":"Inflame","floor":8.0,"key":"SMITH"},{"data":"Pommel Strike","floor":15,"key":"SMITH"},{"data":"Pommel Strike","floor":23,"key":"SMITH"},{"data":"Inflame","floor":27,"key":"SMITH"},{"data":"Burning Pact","floor":32,"key":"SMITH"},{"floor":44,"key":"RECALL"},{"data":"Burning Pact","floor":49,"key":"SMITH"},{"data":"Evolve","floor":53,"key":"SMITH"}],"neow_cost":"NONE","seed_source_timestamp":1578734027797100,"circlet_count":0,"master_deck":["AscendersBane","Defend_R","Defend_R+1","Defend_R","Defend_R","Bash+1","Inflame+1","Inflame+1","Twin Strike","Feed","Pommel Strike+1","Anger","Shrug It Off+1","Pommel Strike+1","Reaper","Second Wind+1","Feel No Pain","Shrug It Off","Burning Pact+1","Pummel","Shrug It Off","Seeing Red","Inflame+1","Bloodletting","True Grit+1","Headbutt","Sword Boomerang+1","Burning Pact+1","Dark Embrace","Uppercut+1","Feel No Pain","Evolve+1","Reaper","Evolve","Reaper"],"special_seed":0,"relics":["Burning Blood","Bottled Tornado","CeramicFish","Blood Vial","Membership Card","Red Skull","Mark of Pain","Bottled Lightning","White Beast Statue","MealTicket","Coffee Dripper","TheAbacus","Happy Flower","War Paint","Bag of Marbles","Toy Ornithopter","Bottled Flame"],"potions_floor_usage":[11,24,24,30,33,39,40,41,51,51,55,55,56],"damage_taken":[{"damage":7.0,"enemies":"Cultist","floor":1.0,"turns":4.0},{"damage":9.0,"enemies":"Jaw Worm","floor":2.0,"turns":4.0},{"damage":4.0,"enemies":"2 Louse","floor":3.0,"turns":4.0},{"damage":9.0,"enemies":"2 Fungi Beasts","floor":4.0,"turns":5.0},{"damage":25.0,"enemies":"3 Sentries","floor":7.0,"turns":6.0},{"damage":12,"enemies":"Looter","floor":10,"turns":3},{"damage":26,"enemies":"Gremlin Nob","floor":11,"turns":4},{"damage":0,"enemies":"Lagavulin","floor":13,"turns":3},{"damage":18,"enemies":"Hexaghost","floor":16,"turns":7},{"damage":33,"enemies":"Shell Parasite","floor":18,"turns":4},{"damage":19,"enemies":"3 Byrds","floor":20,"turns":5},{"damage":22,"enemies":"3 Cultists","floor":21,"turns":5},{"damage":22,"enemies":"Cultist and Chosen","floor":22,"turns":5},{"damage":34,"enemies":"Book of Stabbing","floor":24,"turns":5},{"damage":24,"enemies":"Snake Plant","floor":25,"turns":3},{"damage":42,"enemies":"Chosen and Byrds","floor":28,"turns":4},{"damage":13,"enemies":"Gremlin Leader","floor":30,"turns":4},{"damage":16,"enemies":"Snecko","floor":31,"turns":5},{"damage":81,"enemies":"Collector","floor":33,"turns":10},{"damage":45,"enemies":"3 Darklings","floor":35,"turns":6},{"damage":29,"enemies":"3 Shapes","floor":36,"turns":8},{"damage":47,"enemies":"Maw","floor":38,"turns":7},{"damage":83,"enemies":"Reptomancer","floor":40,"turns":6},{"damage":21,"enemies":"Transient","floor":41,"turns":6},{"damage":9,"enemies":"Giant Head","floor":42,"turns":5},{"damage":40,"enemies":"Jaw Worm Horde","floor":45,"turns":7},{"damage":15,"enemies":"Spire Growth","floor":46,"turns":5},{"damage":15,"enemies":"4 Shapes","floor":47,"turns":8},{"damage":33,"enemies":"Nemesis","floor":48,"turns":5},{"damage":57,"enemies":"Donu and Deca","floor":50,"turns":8},{"damage":66,"enemies":"Time Eater","floor":51,"turns":8},{"damage":70,"enemies":"Shield and Spear","floor":55,"turns":6},{"damage":152,"enemies":"The Heart","floor":56,"turns":8}],"seed_played":"511355308490957763","potions_obtained":[{"floor":1.0,"key":"ColorlessPotion"},{"floor":7.0,"key":"PowerPotion"},{"floor":10,"key":"Weak Potion"},{"floor":22,"key":"SkillPotion"},{"floor":25,"key":"GamblersBrew"},{"floor":28,"key":"DistilledChaos"},{"floor":30,"key":"SkillPotion"},{"floor":33,"key":"EntropicBrew"},{"floor":35,"key":"GamblersBrew"},{"floor":39,"key":"BloodPotion"},{"floor":39,"key":"SpeedPotion"},{"floor":40,"key":"AttackPotion"},{"floor":41,"key":"BlessingOfTheForge"},{"floor":47,"key":"DuplicationPotion"},{"floor":55,"key":"Swift Potion"}],"is_trial":false,"path_per_floor":["M","M","M","M","?","R","E","R","T","M","E","$","E","$","R","B",null,"M","$","M","M","M","R","E","M","T","R","M","$","E","M","R","B",null,"M","M","$","M","?","E","M","E","T","R","M","M","M","E","R","B","B",null,"R","$","E","B"],"character_chosen":"IRONCLAD","items_purchased":["Membership Card","Shrug It Off","Energy Potion","Pommel Strike","Feel No Pain","Shrug It Off","Burning Pact","Burning Pact","TheAbacus","Happy Flower","Swift Potion","Reaper","Evolve","Energy Potion"],"campfire_rested":0,"item_purchase_floors":[12,12,12,12,19,19,19,37,37,37,54,54,54,54],"current_hp_per_floor":[67,64,66,63,63,63,44,44,44,41,21,21,29,29,29,19,63,56,56,65,71,75,75,59,59,59,59,38,38,60,55,55,33,85,73,70,85,63,84,36,47,74,74,74,57,68,88,63,63,43,19,97,97,112,97,0],"gold":83,"neow_bonus":"REMOVE_CARD","is_prod":false,"is_daily":false,"chose_seed":false,"campfire_upgraded":8,"win_rate":0,"timestamp":1706486248,"path_taken":["M","M","M","M","?","R","E","R","T","M","E","$","E","$","R","BOSS","M","?","M","M","M","R","E","M","T","R","M","$","E","?","R","BOSS","M","M","$","M","?","E","M","E","T","R","M","?","M","E","R","BOSS","BOSS","R","$","E","BOSS"],"build_version":"2022-12-18","purchased_purges":5,"victory":false,"max_hp_per_floor":[75,75,75,75,75,75,75,75,75,78,78,78,78,78,78,78,78,81,81,84,87,90,90,90,93,93,93,93,93,96,99,99,102,102,102,105,105,108,108,108,108,111,111,111,114,117,120,120,120,123,123,123,123,123,123,123],"card_choices":[{"not_picked":["Sever Soul","Warcry"],"picked":"Perfected Strike","floor":1.0},{"not_picked":["Pummel","Clothesline"],"picked":"Inflame","floor":2.0},{"not_picked":["True Grit","Warcry"],"picked":"Inflame","floor":3.0},{"not_picked":["Thunderclap","True Grit"],"picked":"Twin Strike","floor":4.0},{"not_picked":["Twin Strike","Spot Weakness"],"picked":"Feed","floor":7.0},{"not_picked":["Entrench","Infernal Blade"],"picked":"Pommel Strike","floor":10},{"not_picked":["Sword Boomerang","Perfected Strike"],"picked":"Anger","floor":11},{"not_picked":["Seeing Red","Perfected Strike","Dual Wield"],"picked":"SKIP","floor":13},{"not_picked":["Berserk","Exhume"],"picked":"Reaper","floor":16},{"not_picked":["Blood for Blood","Sever Soul"],"picked":"Second Wind+1","floor":18},{"not_picked":["Clash","Second Wind"],"picked":"Pummel","floor":20},{"not_picked":["Warcry","Armaments+1","Body Slam"],"picked":"SKIP","floor":21},{"not_picked":["Rupture","Warcry"],"picked":"Shrug It Off","floor":22},{"not_picked":["Feed","Entrench"],"picked":"Seeing Red","floor":24},{"not_picked":["Anger+1","Thunderclap"],"picked":"Inflame","floor":25},{"not_picked":["Sword Boomerang","Heavy Blade"],"picked":"Bloodletting","floor":28},{"not_picked":["Anger","Rage"],"picked":"True Grit+1","floor":30},{"not_picked":["Fire Breathing","Thunderclap"],"picked":"Headbutt","floor":31},{"not_picked":["Whirlwind","Clash"],"picked":"Sword Boomerang+1","floor":35},{"not_picked":["Warcry","Sword Boomerang","Wild Strike+1"],"picked":"SKIP","floor":36},{"not_picked":["Rampage+1","Armaments","Body Slam"],"picked":"SKIP","floor":38},{"not_picked":["Entrench","True Grit+1"],"picked":"Dark Embrace","floor":40},{"not_picked":["Cleave","Pommel Strike"],"picked":"Uppercut+1","floor":41},{"not_picked":["Thunderclap+1","Body Slam","Barricade"],"picked":"SKIP","floor":42},{"not_picked":["Thunderclap","Perfected Strike","Warcry"],"picked":"SKIP","floor":45},{"not_picked":["Entrench","Body Slam"],"picked":"Feel No Pain","floor":46},{"not_picked":["Clothesline","Armaments+1","Sword Boomerang"],"picked":"SKIP","floor":47},{"not_picked":["Pommel Strike","Wild Strike"],"picked":"Evolve","floor":48},{"not_picked":["Combust+1","Wild Strike"],"picked":"Reaper","floor":55}],"player_experience":1287717,"relics_obtained":[{"floor":7.0,"key":"Bottled Tornado"},{"floor":9.0,"key":"CeramicFish"},{"floor":11,"key":"Blood Vial"},{"floor":13,"key":"Red Skull"},{"floor":24,"key":"Bottled Lightning"},{"floor":26,"key":"White Beast Statue"},{"floor":30,"key":"MealTicket"},{"floor":40,"key":"War Paint"},{"floor":42,"key":"Bag of Marbles"},{"floor":48,"key":"Toy Ornithopter"},{"floor":55,"key":"Bottled Flame"}],"event_choices":[{"damage_healed":0.0,"max_hp_gain":0.0,"max_hp_loss":0.0,"gold_gain":0.0,"event_name":"Accursed Blacksmith","player_choice":"Forge","floor":5.0,"gold_loss":0.0,"damage_taken":0.0,"cards_upgraded":["Inflame"]},{"damage_healed":0,"gold_gain":0,"player_choice":"Got Potions","damage_taken":0,"max_hp_gain":0,"max_hp_loss":0,"event_name":"Lab","floor":39,"gold_loss":0}],"is_beta":false,"boss_relics":[{"not_picked":["Empty Cage","Calling Bell"],"picked":"Mark of Pain"},{"not_picked":["Black Star","Black Blood"],"picked":"Coffee Dripper"}],"items_purged_floors":[12,14,19,29,37],"is_endless":false,"potions_floor_spawned":[1,7,10,22,25,28,30,31,33,35,36,38,40,41,42,45,46,47,48,55],"killed_by":"The Heart","ascension_level":20}