{"gold_per_floor":[13,13,30,40,55,82,82,82,82,114,114,126,148,161,161,236,236,253,269,281,281,294,294,294,327,327,341,135,135,185,200,200,200],"floor_reached":33,"playtime":1508,"items_purged":["True Grit"],"score":558,"play_id":"5a96bcee-87d7-4c43-9e2d-88fc86f4686d","local_time":"20240130234525","is_ascension_mode":true,"campfire_choices":[{"data":"Heavy Blade","floor":7,"key":"SMITH"},{"data":"Pommel Strike","floor":11,"key":"SMITH"},{"data":"Disarm","floor":15,"key":"SMITH"},{"floor":23,"key":"REST"},{"floor":29,"key":"REST"},{"data":"Inflame","floor":32,"key":"SMITH"}],"neow_cost":"NO_GOLD","seed_source_timestamp":1782419414660500,"circlet_count":0,"master_deck":["AscendersBane","Strike_R+1","Strike_R+1","Strike_R+1","Defend_R+1","Defend_R+1","Defend_R+1","Defend_R+1","Bash","Cleave","Headbutt","Inflame+1","Pommel Strike+1","Disarm+1","Heavy Blade+1","Burning Pact","True Grit","Exhume","Shrug It Off","Battle Trance","Shrug It Off","Clumsy","Inflame+1","Pummel"],"relics":["Burning Blood","Matryoshka","White Beast Statue","InkBottle","Happy Flower","Odd Mushroom","Cursed Key","MutagenicStrength","The Courier","Bag of Marbles","Champion Belt"],"potions_floor_usage":[10,16,19,20,25,27,33,33],"damage_taken":[{"damage":0,"enemies":"2 Louse","floor":1,"turns":2},{"damage":7,"enemies":"Small Slimes","floor":3,"turns":3},{"damage":1,"enemies":"Cultist","floor":4,"turns":3},{"damage":15,"enemies":"Blue Slaver","floor":5,"turns":4},{"damage":40,"enemies":"Lagavulin","floor":6,"turns":6},{"damage":8,"enemies":"Gremlin Nob","floor":10,"turns":3},{"damage":1,"enemies":"3 Louse","floor":12,"turns":3},{"damage":12,"enemies":"The Mushroom Lair","floor":13,"turns":4},{"damage":12,"enemies":"Looter","floor":14,"turns":3},{"damage":15,"enemies":"The Guardian","floor":16,"turns":18},{"damage":18,"enemies":"2 Thieves","floor":18,"turns":4},{"damage":3,"enemies":"Chosen","floor":19,"turns":6},{"damage":37,"enemies":"Shelled Parasite and Fungi","floor":20,"turns":5},{"damage":7,"enemies":"Centurion and Healer","floor":22,"turns":6},{"damage":34,"enemies":"Slavers","floor":25,"turns":6},{"damage":10,"enemies":"Sentry and Sphere","floor":27,"turns":10},{"damage":2,"enemies":"Snake Plant","floor":31,"turns":2},{"damage":52,"enemies":"Collector","floor":33,"turns":7}],"seed_played":"-1967303214875667403","potions_obtained":[{"floor":6,"key":"DuplicationPotion"},{"floor":10,"key":"EssenceOfSteel"},{"floor":12,"key":"HeartOfIron"},{"floor":13,"key":"Block Potion"},{"floor":16,"key":"LiquidBronze"},{"floor":19,"key":"BlessingOfTheForge"},{"floor":20,"key":"SpeedPotion"},{"floor":22,"key":"AttackPotion"},{"floor":25,"key":"SpeedPotion"},{"floor":27,"key":"Regen Potion"}],"is_trial":false,"path_per_floor":["M","?","M","M","M","E","R","?","T","E","R","M","?","M","R","B",null,"M","M","M","?","M","R","?","E","T","M","$","R","?","M","R","B"],"character_chosen":"IRONCLAD","items_purchased":["Inflame","AttackPotion","Pummel"],"campfire_rested":2,"item_purchase_floors":[28,28,28],"current_hp_per_floor":[74,74,73,75,66,32,32,32,32,30,30,35,29,23,23,14,60,48,51,20,20,19,41,41,13,13,9,9,31,31,35,35,0],"gold":200,"neow_bonus":"TRANSFORM_TWO_CARDS","is_prod":false,"is_daily":false,"chose_seed":false,"campfire_upgraded":4,"win_rate":0,"timestamp":1706687125,"path_taken":["M","?","M","M","M","E","R","?","T","E","R","M","?","M","R","BOSS","M","M","M","?","M","R","?","E","T","M","$","R","?","M","R","BOSS"],"build_version":"2022-12-18","purchased_purges":1,"victory":false,"max_hp_per_floor":[75,75,75,75,75,75,75,75,75,75,75,75,75,75,75,75,75,75,75,75,75,75,75,75,75,75,75,75,75,75,75,75,75],"card_choices":[{"not_picked":["Pommel Strike","Wild Strike"],"picked":"Inflame","floor":1},{"not_picked":["Clash","Shrug It Off"],"picked":"Pommel Strike","floor":3},{"not_picked":["Armaments","Pommel Strike"],"picked":"Disarm","floor":4},{"not_picked":["Thunderclap","Anger"],"picked":"Heavy Blade","floor":5},{"not_picked":["Corruption","Clash","Wild Strike"],"picked":"SKIP","floor":6},{"not_picked":["Searing Blow","Second Wind"],"picked":"Burning Pact","floor":10},{"not_picked":["Combust","Iron Wave"],"picked":"True Grit","floor":12},{"not_picked":["Warcry","Iron Wave"],"picked":"True Grit","floor":14},{"not_picked":["Bludgeon","Limit Break"],"picked":"Exhume","floor":16},{"not_picked":["Intimidate","Twin Strike+1"],"picked":"Shrug It Off","floor":18},{"not_picked":["Entrench","Rupture"],"picked":"Battle Trance","floor":19},{"not_picked":["Carnage","Heavy Blade","Rupture"],"picked":"SKIP","floor":20},{"not_picked":["Dual Wield","Heavy Blade"],"picked":"Shrug It Off","floor":22},{"not_picked":["Dropkick","Rampage","Whirlwind"],"picked":"SKIP","floor":25},{"not_picked":["Armaments","Sword Boomerang","Cleave"],"picked":"SKIP","floor":27},{"not_picked":["Inflame","Entrench","Anger"],"picked":"SKIP","floor":31}],"player_experience":1299802,"relics_obtained":[{"floor":6,"key":"Matryoshka"},{"floor":9,"key":"White Beast Statue"},{"floor":9,"key":"InkBottle"},{"floor":10,"key":"Happy Flower"},{"floor":13,"key":"Odd Mushroom"},{"floor":25,"key":"The Courier"},{"floor":26,"key":"Bag of Marbles"},{"floor":26,"key":"Champion Belt"}],"event_choices":[{"damage_healed":0,"gold_gain":0,"player_choice":"Grow","damage_taken":0,"max_hp_gain":0,"max_hp_loss":0,"event_name":"Living Wall","floor":2,"gold_loss":0,"cards_upgraded":["Inflame"]},{"damage_healed":0,"gold_gain":0,"player_choice":"Ignored","damage_taken":0,"max_hp_gain":0,"max_hp_loss":0,"event_name":"Liars Game","floor":8,"gold_loss":0},{"damage_healed":0,"gold_gain":0,"player_choice":"Fought Mushrooms","damage_taken":0,"max_hp_gain":0,"max_hp_loss":0,"event_name":"Mushrooms","floor":13,"gold_loss":0},{"damage_healed":0,"gold_gain":0,"player_choice":"Simplicity","damage_taken":0,"max_hp_gain":0,"max_hp_loss":0,"event_name":"Back to Basics","floor":21,"gold_loss":0,"cards_upgraded":["Strike_R","Strike_R","Strike_R","Defend_R","Defend_R","Defend_R","Defend_R"]},{"damage_healed":0,"gold_gain":0,"player_choice":"Inject Mutagens","damage_taken":0,"relics_obtained":["MutagenicStrength"],"max_hp_gain":0,"max_hp_loss":0,"event_name":"Drug Dealer","floor":24,"gold_loss":0},{"damage_healed":0,"gold_gain":50,"player_choice":"Stole From Cult","damage_taken":0,"max_hp_gain":0,"max_hp_loss":0,"event_name":"Nest","floor":30,"gold_loss":0}],"is_beta":false,"boss_relics":[{"not_picked":["Black Star","Philosopher\u0027s Stone"],"picked":"Cursed Key"}],"items_purged_floors":[28],"is_endless":false,"potions_floor_spawned":[6,10,12,13,14,16,18,19,20,22,25,27,31],"killed_by":"Collector","ascension_level":20}