{"gold_per_floor":[113,129,147,167,167,167,6,6,77,77,77,109,119,153,153,231,231,245,86,136,147,165,165,197,197,223,234,269,203,36,51,51,125,125,138,163,180,180,180,211,211,181,181,198,212,212,212,246,246,246,246],"floor_reached":51,"playtime":2522,"items_purged":["Strike_R"],"score":1556,"play_id":"1f815c49-a2df-4d5a-bfcb-a01efa769111","local_time":"20240128170022","is_ascension_mode":true,"campfire_choices":[{"data":"Bash","floor":6,"key":"SMITH"},{"data":"Pommel Strike","floor":8,"key":"SMITH"},{"data":"Twin Strike","floor":10,"key":"SMITH"},{"data":"Inflame","floor":15,"key":"SMITH"},{"data":"Heavy Blade","floor":23,"key":"SMITH"},{"floor":25,"key":"REST"},{"data":"Heavy Blade","floor":32,"key":"SMITH"},{"data":"Demon Form","floor":41,"key":"SMITH"},{"floor":47,"key":"REST"},{"floor":49,"key":"RECALL"}],"neow_cost":"PERCENT_DAMAGE","seed_source_timestamp":1584292862823300,"circlet_count":0,"master_deck":["AscendersBane","Strike_R","Strike_R","Strike_R","Defend_R+1","Defend_R","Defend_R","Defend_R","Bash+1","Shrug It Off+1","Infernal Blade","Heavy Blade+1","Flame Barrier","Pommel Strike+1","Twin Strike+1","Shrug It Off","Feed","Inflame+1","Second Wind","Disarm","Offering","Inflame+1","Heavy Blade+1","Second Wind","Whirlwind","Fiend Fire","Disarm","Clothesline","Demon Form+1","True Grit+1","Power Through"],"relics":["Burning Blood","MealTicket","Letter Opener","Shuriken","Peace Pipe","Snecko Eye","Bottled Lightning","War Paint","Paper Frog","Happy Flower","Orrery","Philosopher\u0027s Stone","Calipers","Akabeko","HornCleat"],"potions_floor_usage":[14,16,24,28,28,33,33,40,48,50],"damage_taken":[{"damage":4,"enemies":"2 Louse","floor":1,"turns":3},{"damage":11,"enemies":"Jaw Worm","floor":2,"turns":8},{"damage":2,"enemies":"Cultist","floor":3,"turns":5},{"damage":29,"enemies":"Gremlin Gang","floor":4,"turns":8},{"damage":11,"enemies":"Gremlin Nob","floor":12,"turns":3},{"damage":4,"enemies":"2 Fungi Beasts","floor":13,"turns":4},{"damage":13,"enemies":"3 Sentries","floor":14,"turns":5},{"damage":18,"enemies":"Slime Boss","floor":16,"turns":8},{"damage":31,"enemies":"Chosen","floor":18,"turns":6},{"damage":23,"enemies":"Shell Parasite","floor":21,"turns":4},{"damage":15,"enemies":"Centurion and Healer","floor":22,"turns":10},{"damage":40,"enemies":"Gremlin Leader","floor":24,"turns":8},{"damage":7,"enemies":"3 Cultists","floor":27,"turns":4},{"damage":15,"enemies":"Book of Stabbing","floor":28,"turns":5},{"damage":9,"enemies":"Chosen and Byrds","floor":31,"turns":6},{"damage":45,"enemies":"Automaton","floor":33,"turns":8},{"damage":9,"enemies":"3 Darklings","floor":35,"turns":6},{"damage":21,"enemies":"Mind Bloom Boss Battle","floor":36,"turns":7},{"damage":6,"enemies":"Orb Walker","floor":37,"turns":2},{"damage":50,"enemies":"Nemesis","floor":40,"turns":5},{"damage":12,"enemies":"3 Darklings","floor":44,"turns":5},{"damage":25,"enemies":"Transient","floor":45,"turns":6},{"damage":6,"enemies":"Giant Head","floor":48,"turns":4},{"damage":70,"enemies":"Awakened One","floor":50,"turns":9},{"damage":16,"enemies":"Donu and Deca","floor":51,"turns":3}],"seed_played":"-8764128357418262565","potions_obtained":[{"floor":4,"key":"CultistPotion"},{"floor":12,"key":"Explosive Potion"},{"floor":24,"key":"AttackPotion"},{"floor":27,"key":"Weak Potion"},{"floor":28,"key":"Energy Potion"},{"floor":31,"key":"Swift Potion"},{"floor":36,"key":"LiquidMemories"},{"floor":37,"key":"BlessingOfTheForge"},{"floor":40,"key":"BlessingOfTheForge"},{"floor":42,"key":"DuplicationPotion"},{"floor":48,"key":"BloodPotion"}],"is_trial":false,"path_per_floor":["M","M","M","M","?","R","$","R","T","R","?","E","M","E","R","B",null,"M","$","?","M","M","R","E","R","T","M","E","?","$","M","R","B",null,"M","?","M","$","?","E","R","?","T","M","M","?","R","E","R","B","B"],"character_chosen":"IRONCLAD","items_purchased":["Pommel Strike","Twin Strike","Shrug It Off","Heavy Blade","Energy Potion","Orrery"],"campfire_rested":2,"item_purchase_floors":[7,7,7,19,19,30],"current_hp_per_floor":[66,61,65,42,31,31,46,46,46,46,46,44,46,42,42,30,79,57,72,72,55,49,49,18,49,49,51,42,42,57,57,57,21,90,87,75,78,93,93,49,49,49,49,43,24,24,57,79,79,15,0],"gold":246,"neow_bonus":"TWENTY_PERCENT_HP_BONUS","is_prod":false,"is_daily":false,"chose_seed":false,"campfire_upgraded":7,"win_rate":0,"timestamp":1706490022,"path_taken":["M","M","M","M","?","R","$","R","T","R","?","E","?","E","R","BOSS","M","$","?","M","M","R","E","R","T","?","E","?","?","M","R","BOSS","M","?","M","$","?","E","R","?","T","M","?","?","R","E","R","BOSS","BOSS"],"build_version":"2022-12-18","purchased_purges":1,"victory":false,"max_hp_per_floor":[89,89,89,89,89,89,89,89,89,89,89,92,92,95,95,95,95,98,98,98,98,101,101,104,104,104,107,107,107,107,110,110,113,113,113,116,119,119,113,113,113,113,113,113,113,113,113,113,113,113,113],"card_choices":[{"not_picked":["Clothesline","Body Slam"],"picked":"Shrug It Off","floor":1},{"not_picked":["Thunderclap","Clothesline"],"picked":"Infernal Blade","floor":2},{"not_picked":["Rampage","Berserk"],"picked":"Heavy Blade","floor":3},{"not_picked":["Perfected Strike","Havoc"],"picked":"Flame Barrier","floor":4},{"not_picked":["Rampage","Combust"],"picked":"Inflame","floor":12},{"not_picked":["Flame Barrier","Wild Strike"],"picked":"Second Wind","floor":13},{"not_picked":["Iron Wave","Rage"],"picked":"Disarm","floor":14},{"not_picked":["Brutality","Exhume"],"picked":"Offering","floor":16},{"not_picked":["Warcry","Clash"],"picked":"Inflame+1","floor":18},{"not_picked":["Metallicize","Reckless Charge+1","Hemokinesis"],"picked":"SKIP","floor":21},{"not_picked":["Sword Boomerang","Cleave","Rampage"],"picked":"SKIP","floor":22},{"not_picked":["Whirlwind","Armaments"],"picked":"Second Wind","floor":24},{"not_picked":["Sword Boomerang","Thunderclap"],"picked":"Whirlwind","floor":27},{"not_picked":["Intimidate","Shrug It Off"],"picked":"Fiend Fire","floor":28},{"not_picked":["Wild Strike","Spot Weakness"],"picked":"Disarm","floor":30},{"not_picked":["Brutality","Wild Strike"],"picked":"Clothesline","floor":30},{"not_picked":["Rampage","Perfected Strike","Wild Strike"],"picked":"SKIP","floor":31},{"not_picked":["Impervious","Offering"],"picked":"Demon Form","floor":33},{"not_picked":["Thunderclap","Iron Wave+1"],"picked":"True Grit+1","floor":35},{"not_picked":["Twin Strike","Havoc","Armaments"],"picked":"SKIP","floor":37},{"not_picked":["Searing Blow+1","Inflame+1","Burning Pact"],"picked":"SKIP","floor":40},{"not_picked":["Sentinel+1","Heavy Blade","Fiend Fire"],"picked":"SKIP","floor":44},{"not_picked":["Thunderclap","Sword Boomerang","Headbutt"],"picked":"SKIP","floor":45},{"not_picked":["Fire Breathing","Heavy Blade"],"picked":"Power Through","floor":48}],"player_experience":1291902,"relics_obtained":[{"floor":9,"key":"Letter Opener"},{"floor":12,"key":"Shuriken"},{"floor":14,"key":"Peace Pipe"},{"floor":24,"key":"Bottled Lightning"},{"floor":26,"key":"War Paint"},{"floor":28,"key":"Paper Frog"},{"floor":36,"key":"Calipers"},{"floor":40,"key":"Akabeko"},{"floor":48,"key":"HornCleat"}],"event_choices":[{"damage_healed":0,"gold_gain":0,"player_choice":"Success","damage_taken":11,"relics_obtained":["MealTicket"],"max_hp_gain":0,"max_hp_loss":0,"event_name":"Scrap Ooze","floor":5,"gold_loss":0},{"damage_healed":0,"gold_gain":0,"cards_transformed":["Strike_R"],"player_choice":"Change","damage_taken":0,"max_hp_gain":0,"max_hp_loss":0,"event_name":"Living Wall","floor":11,"gold_loss":0,"cards_obtained":["Feed"]},{"damage_healed":0,"gold_gain":50,"player_choice":"Pray","damage_taken":0,"max_hp_gain":0,"max_hp_loss":0,"event_name":"Golden Shrine","floor":20,"gold_loss":0},{"damage_healed":0,"gold_gain":0,"player_choice":"Paid Gold","damage_taken":0,"relics_obtained":["Happy Flower"],"max_hp_gain":0,"max_hp_loss":0,"event_name":"WeMeetAgain","floor":29,"gold_loss":66},{"damage_healed":0,"gold_gain":0,"player_choice":"Fight","damage_taken":0,"max_hp_gain":0,"max_hp_loss":0,"event_name":"MindBloom","floor":36,"gold_loss":0},{"damage_healed":0,"gold_gain":0,"player_choice":"Max HP","damage_taken":0,"max_hp_gain":0,"max_hp_loss":6,"event_name":"Winding Halls","floor":39,"gold_loss":0},{"damage_healed":0,"gold_gain":0,"player_choice":"Bought 2 Potions","damage_taken":0,"max_hp_gain":0,"max_hp_loss":0,"event_name":"The Woman in Blue","floor":42,"gold_loss":0},{"damage_healed":0,"gold_gain":0,"player_choice":"Ignored","damage_taken":0,"max_hp_gain":0,"max_hp_loss":0,"event_name":"Tomb of Lord Red Mask","floor":46,"gold_loss":0}],"is_beta":false,"boss_relics":[{"not_picked":["Coffee Dripper","Calling Bell"],"picked":"Snecko Eye"},{"not_picked":["Runic Pyramid","Tiny House"],"picked":"Philosopher\u0027s Stone"}],"items_purged_floors":[19],"is_endless":false,"potions_floor_spawned":[4,12,24,27,28,31,36,37,40,48],"killed_by":"Donu and Deca","ascension_level":20}