{"gold_per_floor":[11,21,21,21,36,36,76,76,76,117,117],"floor_reached":11,"playtime":244,"items_purged":[],"score":162,"play_id":"bd7a8dd5-03ca-469a-bdbd-0c9a119cd30f","local_time":"20240129205502","is_ascension_mode":true,"campfire_choices":[{"data":"Whirlwind","floor":6,"key":"SMITH"},{"data":"Bash","floor":8,"key":"SMITH"}],"neow_cost":"NO_GOLD","seed_source_timestamp":1687055692965900,"circlet_count":0,"master_deck":["AscendersBane","Strike_R","Strike_R","Strike_R","Defend_R","Defend_R","Defend_R","Defend_R","Bash+1","Spot Weakness","Whirlwind+1","Twin Strike","Headbutt","Pommel Strike"],"relics":["Burning Blood","Golden Idol","Sundial","Matryoshka","Pantograph"],"potions_floor_usage":[],"damage_taken":[{"damage":7,"enemies":"Jaw Worm","floor":1,"turns":4},{"damage":0,"enemies":"Small Slimes","floor":2,"turns":3},{"damage":0,"enemies":"2 Louse","floor":5,"turns":1},{"damage":30,"enemies":"Lagavulin","floor":7,"turns":5},{"damage":39,"enemies":"Gremlin Nob","floor":10,"turns":4},{"damage":0,"enemies":"Exordium Thugs","floor":11,"turns":1}],"seed_played":"-1253821490815514873","potions_obtained":[{"floor":5,"key":"LiquidBronze"}],"is_trial":false,"path_per_floor":["M","M","?","?","M","R","E","R","T","E","M"],"character_chosen":"IRONCLAD","items_purchased":[],"campfire_rested":0,"item_purchase_floors":[],"current_hp_per_floor":[67,73,68,61,67,67,43,43,43,10,10],"gold":117,"neow_bonus":"TRANSFORM_TWO_CARDS","is_prod":false,"is_daily":false,"chose_seed":false,"campfire_upgraded":2,"win_rate":0,"timestamp":1706590502,"path_taken":["M","M","?","?","M","R","E","R","T","E","M"],"build_version":"2022-12-18","purchased_purges":0,"victory":false,"max_hp_per_floor":[75,75,68,68,68,68,68,68,68,68,68],"card_choices":[{"not_picked":["Body Slam","Shrug It Off"],"picked":"Whirlwind","floor":1},{"not_picked":["Flex","Pommel Strike"],"picked":"Twin Strike","floor":2},{"not_picked":["Armaments","Pommel Strike"],"picked":"Headbutt","floor":5},{"not_picked":["Rampage","Corruption","Headbutt"],"picked":"SKIP","floor":7},{"not_picked":["Carnage","Wild Strike"],"picked":"Pommel Strike","floor":10}],"player_experience":1295577,"relics_obtained":[{"floor":7,"key":"Sundial"},{"floor":9,"key":"Matryoshka"},{"floor":10,"key":"Pantograph"}],"event_choices":[{"damage_healed":0,"gold_gain":0,"player_choice":"Lose Max HP","damage_taken":0,"relics_obtained":["Golden Idol"],"max_hp_gain":0,"max_hp_loss":7,"event_name":"Golden Idol","floor":3,"gold_loss":0},{"cards_removed":["Rupture"],"damage_healed":0,"gold_gain":0,"player_choice":"Card Removal","damage_taken":7,"max_hp_gain":0,"max_hp_loss":0,"event_name":"Golden Wing","floor":4,"gold_loss":0}],"is_beta":false,"boss_relics":[],"items_purged_floors":[],"is_endless":false,"potions_floor_spawned":[5],"killed_by":"Exordium Thugs","ascension_level":20}