{"gold_per_floor":[110,130,145,161,59,87,87,119,119,133,208,208,208,218,218,292,292,310,326,326,147,180,180,180],"floor_reached":24,"playtime":1048,"items_purged":["Strike_R"],"score":412,"play_id":"14def0cd-621d-44a6-b5d8-b42d81731687","local_time":"20240130232001","is_ascension_mode":true,"campfire_choices":[{"data":"Offering","floor":7,"key":"SMITH"},{"data":"True Grit","floor":13,"key":"SMITH"},{"floor":15,"key":"REST"},{"data":"Armaments","floor":23,"key":"SMITH"}],"neow_cost":"TEN_PERCENT_HP_LOSS","seed_source_timestamp":1781354448295700,"circlet_count":0,"master_deck":["AscendersBane","Strike_R","Strike_R","Strike_R","Strike_R","Defend_R","Defend_R","Defend_R","Defend_R","Bash","The Bomb","Battle Trance","Pommel Strike","Battle Trance","Rampage","Shrug It Off","Bloodletting","Offering+1","True Grit+1","True Grit","Barricade","RitualDagger","Entrench","Armaments+1"],"relics":["Burning Blood","Bronze Scales","Darkstone Periapt","Sozu","Red Mask"],"potions_floor_usage":[16,16,24],"damage_taken":[{"damage":4,"enemies":"2 Louse","floor":1,"turns":4},{"damage":4,"enemies":"Jaw Worm","floor":2,"turns":4},{"damage":11,"enemies":"Small Slimes","floor":3,"turns":4},{"damage":17,"enemies":"3 Louse","floor":4,"turns":3},{"damage":20,"enemies":"3 Sentries","floor":6,"turns":3},{"damage":20,"enemies":"Gremlin Nob","floor":8,"turns":2},{"damage":16,"enemies":"Large Slime","floor":10,"turns":6},{"damage":16,"enemies":"Exordium Thugs","floor":14,"turns":4},{"damage":33,"enemies":"The Guardian","floor":16,"turns":13},{"damage":11,"enemies":"Spheric Guardian","floor":18,"turns":7},{"damage":9,"enemies":"3 Byrds","floor":19,"turns":3},{"damage":26,"enemies":"Masked Bandits","floor":22,"turns":6},{"damage":19,"enemies":"Shelled Parasite and Fungi","floor":24,"turns":2}],"seed_played":"-3604206298454142132","potions_obtained":[{"floor":3,"key":"PowerPotion"},{"floor":4,"key":"DuplicationPotion"},{"floor":8,"key":"LiquidMemories"},{"floor":16,"key":"EssenceOfSteel"}],"is_trial":false,"path_per_floor":["M","M","M","M","$","E","R","E","T","M","?","?","R","M","R","B",null,"M","M","?","$","?","R","M"],"character_chosen":"IRONCLAD","items_purchased":["Shrug It Off","Bloodletting","Entrench","Armaments"],"campfire_rested":1,"item_purchase_floors":[5,5,21,21],"current_hp_per_floor":[68,68,63,52,52,38,38,24,24,14,3,25,25,15,35,8,53,48,45,39,39,19,19,0],"gold":180,"neow_bonus":"RANDOM_COLORLESS_2","is_prod":false,"is_daily":false,"chose_seed":false,"campfire_upgraded":3,"win_rate":0,"timestamp":1706685601,"path_taken":["M","M","M","M","$","E","R","E","T","M","?","?","R","M","R","BOSS","M","M","?","$","?","R","M"],"build_version":"2022-12-18","purchased_purges":1,"victory":false,"max_hp_per_floor":[68,68,68,68,68,68,68,68,68,68,68,68,68,68,68,68,68,68,68,68,68,68,68,68],"card_choices":[{"not_picked":["Transmutation","Mayhem"],"picked":"The Bomb","floor":0},{"not_picked":["Wild Strike","Body Slam"],"picked":"Battle Trance","floor":1},{"not_picked":["Metallicize","Thunderclap"],"picked":"Pommel Strike","floor":2},{"not_picked":["Second Wind","Headbutt"],"picked":"Battle Trance","floor":3},{"not_picked":["Cleave","Heavy Blade"],"picked":"Rampage","floor":4},{"not_picked":["Pummel","Reckless Charge"],"picked":"Offering","floor":6},{"not_picked":["Infernal Blade","Warcry","Reckless Charge"],"picked":"SKIP","floor":8},{"not_picked":["Twin Strike","Flex"],"picked":"True Grit","floor":10},{"not_picked":["Havoc","Fire Breathing"],"picked":"True Grit","floor":14},{"not_picked":["Bludgeon","Offering"],"picked":"Barricade","floor":16},{"not_picked":["Pummel","Uppercut","Body Slam"],"picked":"SKIP","floor":18},{"not_picked":["Inflame","True Grit","Clash"],"picked":"SKIP","floor":19}],"player_experience":1298754,"relics_obtained":[{"floor":6,"key":"Bronze Scales"},{"floor":8,"key":"Darkstone Periapt"},{"floor":22,"key":"Red Mask"}],"event_choices":[{"damage_healed":0,"gold_gain":75,"player_choice":"Gather Gold","damage_taken":11,"max_hp_gain":0,"max_hp_loss":0,"event_name":"World of Goop","floor":11,"gold_loss":0},{"damage_healed":22,"gold_gain":0,"player_choice":"Banana","damage_taken":0,"max_hp_gain":0,"max_hp_loss":0,"event_name":"Big Fish","floor":12,"gold_loss":0},{"damage_healed":0,"gold_gain":0,"player_choice":"Joined the Cult","damage_taken":6,"max_hp_gain":0,"max_hp_loss":0,"event_name":"Nest","floor":20,"gold_loss":0,"cards_obtained":["RitualDagger"]},{"damage_healed":0,"gold_gain":0,"player_choice":"Fought Bandits","damage_taken":0,"max_hp_gain":0,"max_hp_loss":0,"event_name":"Masked Bandits","floor":22,"gold_loss":0}],"is_beta":false,"boss_relics":[{"not_picked":["Black Blood","Tiny House"],"picked":"Sozu"}],"items_purged_floors":[21],"is_endless":false,"potions_floor_spawned":[3,4,8,16,18],"killed_by":"Shelled Parasite and Fungi","ascension_level":20}