{"gold_per_floor":[15,35,85,103,114,143,143,177,245,245,16,30,30,30,30,109,109,129,143,143,2,14,14,45,45,70,70,102,114,130,78,78,78],"floor_reached":33,"playtime":1153,"items_purged":["Strike_R","Decay"],"score":590,"play_id":"39df1dfc-b07c-42ba-9bbb-4a21928fb8f3","local_time":"20240128174128","is_ascension_mode":true,"campfire_choices":[{"floor":7.0,"key":"REST"},{"data":"Cleave","floor":10.0,"key":"SMITH"},{"data":"Anger","floor":13.0,"key":"SMITH"},{"data":"Bash","floor":15.0,"key":"SMITH"},{"floor":23.0,"key":"REST"},{"floor":25,"key":"REST"},{"floor":27,"key":"REST"},{"floor":32,"key":"REST"}],"neow_cost":"NO_GOLD","seed_source_timestamp":1588093801405400,"circlet_count":0,"master_deck":["AscendersBane","Strike_R","Strike_R","Strike_R","Strike_R","Defend_R","Defend_R","Defend_R","Defend_R","Bash+1","Heavy Blade","Cleave+1","Anger+1","Ghostly Armor","Metallicize+1","Fire Breathing+1","Bandage Up","Offering","Combust+1","Battle Trance","Combust+1","Shrug It Off","Metallicize+1","Thunderclap+1","Shrug It Off"],"special_seed":0,"relics":["Burning Blood","TungstenRod","Frozen Egg 2","Ginger","InkBottle","Velvet Choker","MealTicket","Art of War","Meat on the Bone"],"potions_floor_usage":[24,24,28,33],"damage_taken":[{"damage":5.0,"enemies":"2 Louse","floor":1.0,"turns":5.0},{"damage":0.0,"enemies":"Cultist","floor":2.0,"turns":3.0},{"damage":2.0,"enemies":"Jaw Worm","floor":4.0,"turns":5.0},{"damage":35.0,"enemies":"Exordium Thugs","floor":5.0,"turns":5.0},{"damage":30.0,"enemies":"Gremlin Nob","floor":6.0,"turns":4.0},{"damage":34.0,"enemies":"Lagavulin","floor":8.0,"turns":8.0},{"damage":1.0,"enemies":"Looter","floor":12.0,"turns":4.0},{"damage":2.0,"enemies":"Slime Boss","floor":16.0,"turns":8.0},{"damage":31.0,"enemies":"Spheric Guardian","floor":18.0,"turns":6.0},{"damage":30.0,"enemies":"Shell Parasite","floor":19.0,"turns":6.0},{"damage":23.0,"enemies":"3 Cultists","floor":22.0,"turns":5.0},{"damage":35,"enemies":"Book of Stabbing","floor":24,"turns":5},{"damage":34,"enemies":"Slavers","floor":28,"turns":5},{"damage":29,"enemies":"Snake Plant","floor":29,"turns":4},{"damage":20,"enemies":"Centurion and Healer","floor":30,"turns":6},{"damage":67,"enemies":"Collector","floor":33,"turns":10}],"seed_played":"-3737995444885901169","potions_obtained":[{"floor":2.0,"key":"SpeedPotion"},{"floor":8.0,"key":"SpeedPotion"},{"floor":18.0,"key":"SpeedPotion"},{"floor":24,"key":"HeartOfIron"},{"floor":29,"key":"ColorlessPotion"}],"is_trial":false,"path_per_floor":["M","M","?","M","M","E","R","E","T","R","$","M","R","$","R","B",null,"M","M","?","$","M","R","E","R","T","R","E","M","M","$","R","B"],"character_chosen":"IRONCLAD","items_purchased":["Fire Potion","Bandage Up","Battle Trance","Shrug It Off"],"campfire_rested":5,"item_purchase_floors":[11,11,21,31],"current_hp_per_floor":[69,75,69,73,44,20,42,14,14,14,14,23,23,23,23,31,64,43,23,23,23,10,32,7,29,29,51,27,20,22,37,59,0],"gold":78,"neow_bonus":"ONE_RARE_RELIC","is_prod":false,"is_daily":false,"chose_seed":false,"campfire_upgraded":3,"win_rate":0,"timestamp":1706492488,"path_taken":["M","M","?","M","M","E","R","E","T","R","$","M","R","?","R","BOSS","M","?","?","?","M","R","E","R","T","R","E","M","M","$","R","BOSS"],"build_version":"2022-12-18","purchased_purges":2,"victory":false,"max_hp_per_floor":[75,75,75,75,75,75,75,75,75,75,75,75,75,75,75,75,75,75,75,75,75,75,75,75,75,75,75,75,75,75,75,75,75],"card_choices":[{"not_picked":["True Grit","Armaments"],"picked":"Heavy Blade","floor":1.0},{"not_picked":["Dropkick","Heavy Blade"],"picked":"Cleave","floor":2.0},{"not_picked":["Perfected Strike","Seeing Red"],"picked":"Anger","floor":4.0},{"not_picked":["Armaments","Rampage"],"picked":"Ghostly Armor","floor":5.0},{"not_picked":["Heavy Blade","Intimidate"],"picked":"Metallicize+1","floor":6.0},{"not_picked":["Wild Strike","Metallicize+1"],"picked":"Fire Breathing+1","floor":8.0},{"not_picked":["Clash","Warcry","Fire Breathing+1"],"picked":"SKIP","floor":12.0},{"not_picked":["Immolate","Exhume"],"picked":"Offering","floor":16.0},{"not_picked":["Sword Boomerang","Heavy Blade"],"picked":"Combust+1","floor":18.0},{"not_picked":["Clash","Iron Wave","Cleave+1"],"picked":"SKIP","floor":19.0},{"not_picked":["Clash+1","Hemokinesis"],"picked":"Combust+1","floor":22.0},{"not_picked":["Carnage","Blood for Blood+1"],"picked":"Shrug It Off","floor":24},{"not_picked":["Heavy Blade","Dual Wield+1","Clash"],"picked":"SKIP","floor":28},{"not_picked":["Rampage","Perfected Strike"],"picked":"Metallicize+1","floor":29},{"not_picked":["Anger","Sword Boomerang"],"picked":"Thunderclap+1","floor":30}],"player_experience":1294424,"relics_obtained":[{"floor":6.0,"key":"Frozen Egg 2"},{"floor":8.0,"key":"Ginger"},{"floor":9.0,"key":"InkBottle"},{"floor":24,"key":"MealTicket"},{"floor":26,"key":"Art of War"},{"floor":28,"key":"Meat on the Bone"}],"event_choices":[{"damage_healed":0.0,"max_hp_gain":0.0,"max_hp_loss":0.0,"gold_gain":50.0,"event_name":"FaceTrader","player_choice":"Touch","floor":3.0,"gold_loss":0.0,"damage_taken":7.0},{"damage_healed":0.0,"max_hp_gain":0.0,"max_hp_loss":0.0,"gold_gain":0.0,"event_name":"Wheel of Change","player_choice":"Cursed","floor":20.0,"gold_loss":0.0,"damage_taken":0.0,"cards_obtained":["Decay"]}],"is_beta":false,"boss_relics":[{"not_picked":["Black Star","Snecko Eye"],"picked":"Velvet Choker"}],"items_purged_floors":[11,21],"is_endless":false,"potions_floor_spawned":[2,8,12,18,19,24,29],"killed_by":"Collector","ascension_level":20}