{"gold_per_floor":[114,133,133,146,162,197,46,46,73,73],"floor_reached":10,"playtime":312,"items_purged":[],"score":136,"play_id":"58f9aaf1-34f4-40c7-8477-ecdb53aec7a9","local_time":"20240127201820","is_ascension_mode":true,"campfire_choices":[{"data":"Immolate","floor":8,"key":"SMITH"}],"neow_cost":"NONE","seed_source_timestamp":1511981920091200,"circlet_count":0,"master_deck":["AscendersBane","Strike_R","Strike_R","Strike_R","Strike_R","Strike_R","Defend_R","Defend_R","Defend_R","Bash","Battle Trance","Iron Wave","Flame Barrier","Flex","Second Wind","Immolate+1"],"relics":["Burning Blood","NeowsBlessing","Nunchaku","Potion Belt"],"potions_floor_usage":[5,10],"damage_taken":[{"damage":0,"enemies":"Cultist","floor":1,"turns":1},{"damage":0,"enemies":"Jaw Worm","floor":2,"turns":1},{"damage":0,"enemies":"2 Louse","floor":4,"turns":1},{"damage":1,"enemies":"Lots of Slimes","floor":5,"turns":2},{"damage":50,"enemies":"3 Sentries","floor":6,"turns":11},{"damage":47,"enemies":"Gremlin Nob","floor":10,"turns":3}],"seed_played":"3797690468414736486","potions_obtained":[{"floor":1,"key":"Explosive Potion"},{"floor":2,"key":"BloodPotion"}],"is_trial":false,"path_per_floor":["M","M","?","M","M","E","$","R","T","E"],"character_chosen":"IRONCLAD","items_purchased":["Immolate"],"campfire_rested":0,"item_purchase_floors":[7],"current_hp_per_floor":[74,75,75,75,75,31,31,31,31,0],"gold":73,"neow_bonus":"THREE_ENEMY_KILL","is_prod":false,"is_daily":false,"chose_seed":false,"campfire_upgraded":1,"win_rate":0,"timestamp":1706415500,"path_taken":["M","?","?","M","M","E","$","R","T","E"],"build_version":"2022-12-18","purchased_purges":0,"victory":false,"max_hp_per_floor":[75,75,75,75,75,75,75,75,75,75],"card_choices":[{"not_picked":["Seeing Red","Flex"],"picked":"Battle Trance","floor":1},{"not_picked":["Warcry","Havoc"],"picked":"Iron Wave","floor":2},{"not_picked":["Iron Wave","Ghostly Armor"],"picked":"Flame Barrier","floor":4},{"not_picked":["True Grit","Thunderclap"],"picked":"Flex","floor":5},{"not_picked":["Warcry","Thunderclap"],"picked":"Second Wind","floor":6}],"player_experience":1283478,"relics_obtained":[{"floor":6,"key":"Nunchaku"},{"floor":9,"key":"Potion Belt"}],"event_choices":[{"cards_removed":["Defend_R"],"damage_healed":0,"gold_gain":0,"player_choice":"Purged","damage_taken":0,"max_hp_gain":0,"max_hp_loss":0,"event_name":"Purifier","floor":3,"gold_loss":0}],"is_beta":false,"boss_relics":[],"items_purged_floors":[],"is_endless":false,"potions_floor_spawned":[1,2],"killed_by":"Gremlin Nob","ascension_level":20}