{"gold_per_floor":[361,361,32,52,52,52,83,83,108,118,118,118,118,150,150,221,221,231,264,277,294,132,132,132,163,163,163,163,193,203,238,238,238],"floor_reached":33,"playtime":1117,"items_purged":["Parasite"],"score":868,"play_id":"90115666-9aad-4289-a83b-e70372e079cb","local_time":"20240128143016","is_ascension_mode":true,"campfire_choices":[{"data":"Searing Blow","floor":6,"key":"SMITH"},{"data":"Searing Blow+1","floor":8,"key":"SMITH"},{"data":"Searing Blow+2","floor":11,"key":"SMITH"},{"data":"Searing Blow+3","floor":13,"key":"SMITH"},{"data":"Searing Blow+4","floor":15,"key":"SMITH"},{"data":"Searing Blow+5","floor":23,"key":"SMITH"},{"data":"Searing Blow+6","floor":27,"key":"SMITH"},{"data":"Searing Blow+7","floor":32,"key":"SMITH"}],"neow_cost":"CURSE","seed_source_timestamp":1576683918209100,"circlet_count":0,"master_deck":["AscendersBane","Strike_R+1","Strike_R","Strike_R","Defend_R","Defend_R+1","Defend_R","Defend_R","Bash","Searing Blow+8","Feed","Headbutt","Thunderclap","Shrug It Off+1","Shrug It Off","Exhume","Berserk","Wild Strike","Ghostly","Ghostly","Ghostly","Headbutt","Battle Trance"],"relics":["Burning Blood","Lee\u0027s Waffle","Letter Opener","Happy Flower","Orichalcum","Akabeko","Runic Dome","Red Mask","Shuriken","Paper Frog","Omamori","Prayer Wheel"],"potions_floor_usage":[25,25],"damage_taken":[{"damage":12,"enemies":"Jaw Worm","floor":1,"turns":3},{"damage":11,"enemies":"2 Louse","floor":4,"turns":3},{"damage":28,"enemies":"Gremlin Nob","floor":7,"turns":4},{"damage":2,"enemies":"Small Slimes","floor":10,"turns":3},{"damage":26,"enemies":"Lagavulin","floor":14,"turns":6},{"damage":0,"enemies":"Slime Boss","floor":16,"turns":3},{"damage":0,"enemies":"Chosen","floor":18,"turns":2},{"damage":7,"enemies":"Masked Bandits","floor":19,"turns":4},{"damage":7,"enemies":"2 Thieves","floor":20,"turns":4},{"damage":21,"enemies":"Snake Plant","floor":21,"turns":3},{"damage":25,"enemies":"Slavers","floor":25,"turns":7},{"damage":0,"enemies":"Book of Stabbing","floor":29,"turns":2},{"damage":10,"enemies":"Snecko","floor":30,"turns":4},{"damage":0,"enemies":"Gremlin Leader","floor":31,"turns":4},{"damage":58,"enemies":"Collector","floor":33,"turns":6}],"seed_played":"8551389964101187853","potions_obtained":[{"floor":7,"key":"LiquidBronze"},{"floor":14,"key":"AttackPotion"},{"floor":19,"key":"LiquidMemories"},{"floor":25,"key":"Energy Potion"}],"is_trial":false,"path_per_floor":["M","?","$","M","T","R","E","R","T","M","R","?","R","E","R","B",null,"M","?","M","M","$","R","?","E","T","R","?","E","M","E","R","B"],"character_chosen":"IRONCLAD","items_purchased":["Lee\u0027s Waffle","Feed","Exhume"],"campfire_rested":0,"item_purchase_floors":[3,3,22],"current_hp_per_floor":[62,39,82,80,80,80,58,58,58,65,65,65,65,48,48,57,85,91,93,95,80,80,80,80,64,64,64,50,50,49,53,53,0],"gold":238,"neow_bonus":"TWO_FIFTY_GOLD","is_prod":false,"is_daily":false,"chose_seed":false,"campfire_upgraded":8,"win_rate":0,"timestamp":1706481016,"path_taken":["M","?","$","M","?","R","E","R","T","M","R","?","R","E","R","BOSS","M","?","M","M","$","R","?","E","T","R","?","E","M","E","R","BOSS"],"build_version":"2022-12-18","purchased_purges":1,"victory":false,"max_hp_per_floor":[75,75,82,85,85,85,85,85,85,88,88,88,88,91,91,94,94,94,97,100,100,97,97,97,100,100,100,50,50,53,53,53,53],"card_choices":[{"not_picked":["True Grit","Sentinel"],"picked":"Searing Blow","floor":1},{"not_picked":["Clothesline","Clash","Intimidate"],"picked":"SKIP","floor":4},{"not_picked":["Havoc","Cleave"],"picked":"Headbutt","floor":7},{"not_picked":["Heavy Blade","Headbutt","Pommel Strike"],"picked":"SKIP","floor":10},{"not_picked":["Clothesline","Combust"],"picked":"Thunderclap","floor":14},{"not_picked":["Feel No Pain","Sword Boomerang+1"],"picked":"Shrug It Off+1","floor":18},{"not_picked":["Cleave","Warcry","Havoc"],"picked":"SKIP","floor":20},{"not_picked":["Seeing Red+1","Iron Wave"],"picked":"Shrug It Off","floor":21},{"not_picked":["Infernal Blade+1","Anger","Dual Wield"],"picked":"SKIP","floor":25},{"not_picked":["Rupture","Reckless Charge+1"],"picked":"Headbutt","floor":29},{"not_picked":["Combust","Cleave"],"picked":"Battle Trance","floor":30},{"not_picked":["Pommel Strike","Fiend Fire","Thunderclap"],"picked":"SKIP","floor":31}],"player_experience":1285734,"relics_obtained":[{"floor":5,"key":"Letter Opener"},{"floor":7,"key":"Happy Flower"},{"floor":9,"key":"Orichalcum"},{"floor":14,"key":"Akabeko"},{"floor":19,"key":"Red Mask"},{"floor":25,"key":"Shuriken"},{"floor":26,"key":"Paper Frog"},{"floor":29,"key":"Omamori"},{"floor":31,"key":"Prayer Wheel"}],"event_choices":[{"damage_healed":0,"gold_gain":0,"player_choice":"Entered Light","damage_taken":23,"max_hp_gain":0,"max_hp_loss":0,"event_name":"Shining Light","floor":2,"gold_loss":0,"cards_upgraded":["Strike_R","Defend_R"]},{"damage_healed":0,"gold_gain":0,"player_choice":"Ignored","damage_taken":0,"max_hp_gain":0,"max_hp_loss":0,"event_name":"Liars Game","floor":12,"gold_loss":0},{"damage_healed":0,"gold_gain":0,"player_choice":"Fought Bandits","damage_taken":0,"max_hp_gain":0,"max_hp_loss":0,"event_name":"Masked Bandits","floor":19,"gold_loss":0},{"damage_healed":0,"gold_gain":0,"cards_transformed":["Strike_R","Strike_R"],"player_choice":"Became Test Subject","damage_taken":0,"max_hp_gain":0,"max_hp_loss":0,"event_name":"Drug Dealer","floor":24,"gold_loss":0,"cards_obtained":["Berserk","Wild Strike"]},{"damage_healed":0,"gold_gain":0,"player_choice":"Became a Ghost","damage_taken":0,"max_hp_gain":0,"max_hp_loss":50,"event_name":"Ghosts","floor":28,"gold_loss":0,"cards_obtained":["Ghostly","Ghostly","Ghostly"]}],"is_beta":false,"boss_relics":[{"not_picked":["Busted Crown","Black Blood"],"picked":"Runic Dome"}],"items_purged_floors":[22],"is_endless":false,"potions_floor_spawned":[7,14,19,20,25],"killed_by":"Collector","ascension_level":20}