{"gold_per_floor":[118,133,133,145,160,160,175,202,256,283,283,46,59,75,75,149,149,159,171,171,190,78,78,78,94,119,119,145,164,177,92,92,171,171,189,200,39,59,59,59,90,90,90,90,104,134,134,154,154,154,154],"floor_reached":51,"playtime":2933,"items_purged":["Anger"],"score":1432,"play_id":"89aa752b-c9c7-42f4-82f6-3b29a9aeaf1e","local_time":"20240129214415","is_ascension_mode":true,"campfire_choices":[{"data":"Bash","floor":6,"key":"SMITH"},{"data":"Uppercut","floor":11,"key":"SMITH"},{"data":"True Grit","floor":15,"key":"SMITH"},{"data":"Inflame","floor":23,"key":"SMITH"},{"floor":27,"key":"REST"},{"floor":32,"key":"REST"},{"floor":40,"key":"REST"},{"floor":44,"key":"RECALL"},{"floor":49,"key":"REST"}],"neow_cost":"NONE","seed_source_timestamp":1687319318070700,"circlet_count":0,"master_deck":["AscendersBane","Strike_R+1","Strike_R","Defend_R","Defend_R","Defend_R","Defend_R","Bash+1","Headbutt","True Grit+1","Iron Wave+1","Disarm","Uppercut+1","Feed","Inflame+1","Limit Break","Impervious","Bash","Shockwave+1","Flame Barrier","RitualDagger","Shrug It Off+1","Disarm","Armaments+1","Spot Weakness","Twin Strike+1","Shrug It Off+1","Uppercut+1","Spot Weakness+1","PanicButton+1","PanicButton+1"],"relics":["Burning Blood","Art of War","MealTicket","Pear","Snecko Eye","Lantern","Whetstone","Bag of Preparation","Fusion Hammer","Red Skull","Toxic Egg 2","Sundial"],"potions_floor_usage":[8,8,16,19,27,28,33,41,51],"damage_taken":[{"damage":9,"enemies":"Jaw Worm","floor":1,"turns":4},{"damage":2,"enemies":"Cultist","floor":2,"turns":4},{"damage":7,"enemies":"Small Slimes","floor":4,"turns":4},{"damage":9,"enemies":"Blue Slaver","floor":5,"turns":6},{"damage":12,"enemies":"3 Louse","floor":7,"turns":4},{"damage":8,"enemies":"Gremlin Nob","floor":8,"turns":3},{"damage":35,"enemies":"Lagavulin","floor":10,"turns":8},{"damage":15,"enemies":"Red Slaver","floor":13,"turns":4},{"damage":18,"enemies":"2 Fungi Beasts","floor":14,"turns":9},{"damage":22,"enemies":"Slime Boss","floor":16,"turns":7},{"damage":20,"enemies":"Shell Parasite","floor":18,"turns":7},{"damage":42,"enemies":"3 Byrds","floor":19,"turns":9},{"damage":12,"enemies":"Centurion and Healer","floor":21,"turns":5},{"damage":28,"enemies":"Snecko","floor":25,"turns":6},{"damage":44,"enemies":"Gremlin Leader","floor":28,"turns":11},{"damage":3,"enemies":"Cultist and Chosen","floor":29,"turns":7},{"damage":5,"enemies":"Centurion and Healer","floor":30,"turns":7},{"damage":66,"enemies":"Collector","floor":33,"turns":12},{"damage":0,"enemies":"Orb Walker","floor":35,"turns":4},{"damage":19,"enemies":"3 Darklings","floor":36,"turns":7},{"damage":38,"enemies":"Spire Growth","floor":38,"turns":6},{"damage":38,"enemies":"Giant Head","floor":41,"turns":7},{"damage":4,"enemies":"Transient","floor":45,"turns":6},{"damage":83,"enemies":"Nemesis","floor":46,"turns":11},{"damage":1,"enemies":"4 Shapes","floor":48,"turns":9},{"damage":26,"enemies":"Awakened One","floor":50,"turns":11},{"damage":51,"enemies":"Donu and Deca","floor":51,"turns":6}],"seed_played":"7670321000933493051","potions_obtained":[{"floor":2,"key":"DuplicationPotion"},{"floor":5,"key":"Explosive Potion"},{"floor":13,"key":"CultistPotion"},{"floor":18,"key":"Fruit Juice"},{"floor":21,"key":"Strength Potion"},{"floor":29,"key":"FearPotion"},{"floor":33,"key":"DistilledChaos"},{"floor":45,"key":"FearPotion"},{"floor":46,"key":"Fire Potion"}],"is_trial":false,"path_per_floor":["M","M","?","M","M","R","M","E","T","E","R","$","M","M","R","B",null,"M","M","?","M","$","R","?","M","T","R","E","M","M","?","R","B",null,"M","M","$","M","?","R","E","?","T","R","M","E","?","M","R","B","B"],"character_chosen":"IRONCLAD","items_purchased":["Feed","DuplicationPotion","Flame Barrier","Red Skull"],"campfire_rested":4,"item_purchase_floors":[12,12,22,37],"current_hp_per_floor":[72,76,69,68,65,65,59,57,57,38,38,53,47,38,38,25,82,71,38,38,35,50,50,44,22,22,60,25,28,33,33,69,12,97,106,93,108,79,79,118,86,86,86,86,88,15,5,13,54,37,0],"gold":154,"neow_bonus":"TEN_PERCENT_HP_BONUS","is_prod":false,"is_daily":false,"chose_seed":false,"campfire_upgraded":4,"win_rate":0,"timestamp":1706593455,"path_taken":["M","M","?","M","M","R","M","E","T","E","R","$","M","M","R","BOSS","M","M","?","?","$","R","?","M","T","R","E","M","M","?","R","BOSS","M","M","$","M","?","R","E","?","T","R","?","E","?","M","R","BOSS","BOSS"],"build_version":"2022-12-18","purchased_purges":1,"victory":false,"max_hp_per_floor":[82,82,82,82,82,82,82,82,82,92,92,92,95,98,98,101,101,104,107,107,110,110,110,110,110,110,115,118,118,122,122,122,125,125,128,128,128,131,131,131,131,131,131,131,131,135,135,138,138,141,141],"card_choices":[{"not_picked":["Clash","Warcry","Wild Strike"],"picked":"SKIP","floor":1},{"not_picked":["Feel No Pain","Sword Boomerang"],"picked":"Headbutt","floor":2},{"not_picked":["Bloodletting","Intimidate"],"picked":"True Grit","floor":4},{"not_picked":["Power Through","Clash"],"picked":"Iron Wave","floor":5},{"not_picked":["Dual Wield","Clash"],"picked":"Anger","floor":7},{"not_picked":["Power Through","Body Slam"],"picked":"Disarm","floor":8},{"not_picked":["Pummel","Armaments"],"picked":"Uppercut","floor":10},{"not_picked":["Entrench","Thunderclap","True Grit"],"picked":"SKIP","floor":13},{"not_picked":["Wild Strike","Thunderclap"],"picked":"Inflame","floor":14},{"not_picked":["Fiend Fire","Brutality"],"picked":"Limit Break","floor":16},{"not_picked":["Thunderclap","Headbutt","Reckless Charge"],"picked":"SKIP","floor":18},{"not_picked":["Armaments","Iron Wave","Warcry"],"picked":"SKIP","floor":19},{"not_picked":["Perfected Strike","Metallicize"],"picked":"Shockwave+1","floor":21},{"not_picked":["Power Through","Infernal Blade"],"picked":"Shrug It Off+1","floor":25},{"not_picked":["Iron Wave","Infernal Blade"],"picked":"Disarm","floor":28},{"not_picked":["Warcry","Rampage"],"picked":"Armaments+1","floor":29},{"not_picked":["Sword Boomerang","Thunderclap"],"picked":"Spot Weakness","floor":30},{"not_picked":["True Grit","Iron Wave","Seeing Red"],"picked":"SKIP","floor":35},{"not_picked":["Dark Embrace","Havoc","Hemokinesis"],"picked":"SKIP","floor":36},{"not_picked":["Clash","Uppercut"],"picked":"Twin Strike+1","floor":38},{"not_picked":["Perfected Strike","Headbutt","Warcry+1"],"picked":"SKIP","floor":41},{"not_picked":["Twin Strike","Perfected Strike"],"picked":"Uppercut+1","floor":45},{"not_picked":["Evolve","Feed"],"picked":"Spot Weakness+1","floor":46},{"not_picked":["Panache","Chrysalis+1"],"picked":"PanicButton+1","floor":47},{"not_picked":["Finesse+1","Purity+1"],"picked":"PanicButton+1","floor":47},{"not_picked":["Wild Strike+1","Sentinel+1","Warcry+1"],"picked":"SKIP","floor":48}],"player_experience":1295821,"relics_obtained":[{"floor":8,"key":"Art of War"},{"floor":9,"key":"MealTicket"},{"floor":10,"key":"Pear"},{"floor":26,"key":"Lantern"},{"floor":28,"key":"Whetstone"},{"floor":41,"key":"Toxic Egg 2"},{"floor":46,"key":"Sundial"}],"event_choices":[{"cards_removed":["Strike_R"],"damage_healed":0,"gold_gain":0,"player_choice":"Card Removal","damage_taken":7,"max_hp_gain":0,"max_hp_loss":0,"event_name":"Golden Wing","floor":3,"gold_loss":0},{"damage_healed":0,"gold_gain":0,"player_choice":"2 cards matched","damage_taken":0,"max_hp_gain":0,"max_hp_loss":0,"event_name":"Match and Keep!","floor":20,"gold_loss":0,"cards_obtained":["Impervious","Bash"]},{"damage_healed":0,"gold_gain":0,"player_choice":"Joined the Cult","damage_taken":6,"max_hp_gain":0,"max_hp_loss":0,"event_name":"Nest","floor":24,"gold_loss":0,"cards_obtained":["RitualDagger"]},{"damage_healed":0,"gold_gain":0,"player_choice":"Obtained Relic","damage_taken":0,"relics_obtained":["Bag of Preparation"],"max_hp_gain":0,"max_hp_loss":0,"event_name":"Addict","floor":31,"gold_loss":85},{"cards_removed":["Strike_R"],"damage_healed":0,"gold_gain":0,"player_choice":"Removed Attack","damage_taken":0,"max_hp_gain":0,"max_hp_loss":0,"event_name":"Falling","floor":39,"gold_loss":0},{"damage_healed":0,"gold_gain":0,"cards_transformed":["Strike_R"],"player_choice":"Transformed","damage_taken":0,"max_hp_gain":0,"max_hp_loss":0,"event_name":"Transmorgrifier","floor":42,"gold_loss":0,"cards_obtained":["Shrug It Off"]},{"damage_healed":0,"gold_gain":0,"player_choice":"Memory 3","damage_taken":10,"max_hp_gain":0,"max_hp_loss":0,"event_name":"SensoryStone","floor":47,"gold_loss":0}],"is_beta":false,"boss_relics":[{"not_picked":["Empty Cage","Black Blood"],"picked":"Snecko Eye"},{"not_picked":["Black Star","Pandora\u0027s Box"],"picked":"Fusion Hammer"}],"items_purged_floors":[22],"is_endless":false,"potions_floor_spawned":[2,5,7,13,14,18,21,29,33,45,46],"killed_by":"Donu and Deca","ascension_level":20}