{"gold_per_floor":[14,31,42,52,71,71,81,81,81,112,112,112,112,112,112,186,186,202,214,224,240,137,137,169,169,169,201,201,529,529,543,543,618,618,630,648,659,678,418,449,474,504,504,535,554,564,584,603,603,603,603,603,603,33,60,60],"floor_reached":57,"playtime":3511,"items_purged":["Strike_R","Parasite","Parasite"],"score":2891,"play_id":"5969ac56-c97c-4427-aed0-4d536ea23942","local_time":"20240131004434","is_ascension_mode":true,"campfire_choices":[{"data":"Armaments","floor":6,"key":"SMITH"},{"floor":8,"key":"REST"},{"data":"Battle Trance","floor":11,"key":"SMITH"},{"data":"Battle Trance","floor":13,"key":"SMITH"},{"data":"Demon Form","floor":15,"key":"SMITH"},{"floor":23,"key":"REST"},{"data":"Heavy Blade","floor":25,"key":"SMITH"},{"data":"Uppercut","floor":28,"key":"SMITH"},{"data":"Evolve","floor":30,"key":"SMITH"},{"floor":32,"key":"REST"},{"floor":49,"key":"RECALL"},{"floor":53,"key":"REST"}],"neow_cost":"NO_GOLD","seed_source_timestamp":1783950746036000,"circlet_count":0,"master_deck":["AscendersBane","Strike_R","Strike_R","Strike_R","Defend_R","Defend_R","Defend_R","Defend_R","Bash","Feed","Battle Trance+1","Battle Trance+1","Anger","Rage","Armaments+1","Demon Form+1","Uppercut+1","Immolate","Metallicize+1","Heavy Blade+1","Shrug It Off","Shrug It Off","Bloodletting","Evolve+1","Offering","Reaper","Shrug It Off","Twin Strike+1","Shockwave+1","True Grit+1","Heavy Blade+1","Shockwave+1","Shrug It Off","Burning Pact"],"relics":["Burning Blood","Blood Vial","CaptainsWheel","Cursed Key","PreservedInsect","Paper Frog","Old Coin","Runic Pyramid","Orrery","Shuriken","Lizard Tail","HornCleat","Art of War","Champion Belt","Strawberry"],"potions_floor_usage":[4,5,10,16,21,27,27,29,29,33,33,42,56,56],"damage_taken":[{"damage":12,"enemies":"Cultist","floor":1,"turns":4},{"damage":8,"enemies":"2 Louse","floor":2,"turns":4},{"damage":7,"enemies":"Small Slimes","floor":3,"turns":5},{"damage":12,"enemies":"Looter","floor":4,"turns":3},{"damage":75,"enemies":"Gremlin Gang","floor":5,"turns":6},{"damage":9,"enemies":"Red Slaver","floor":7,"turns":4},{"damage":6,"enemies":"Lagavulin","floor":10,"turns":6},{"damage":41,"enemies":"The Guardian","floor":16,"turns":11},{"damage":12,"enemies":"2 Thieves","floor":18,"turns":4},{"damage":25,"enemies":"Shell Parasite","floor":19,"turns":7},{"damage":26,"enemies":"Snake Plant","floor":20,"turns":6},{"damage":14,"enemies":"Centurion and Healer","floor":21,"turns":2},{"damage":7,"enemies":"Gremlin Leader","floor":24,"turns":8},{"damage":15,"enemies":"Book of Stabbing","floor":27,"turns":5},{"damage":50,"enemies":"Slavers","floor":29,"turns":8},{"damage":19,"enemies":"Shelled Parasite and Fungi","floor":31,"turns":5},{"damage":60,"enemies":"Automaton","floor":33,"turns":12},{"damage":10,"enemies":"Orb Walker","floor":35,"turns":4},{"damage":12,"enemies":"3 Darklings","floor":36,"turns":6},{"damage":38,"enemies":"Transient","floor":37,"turns":6},{"damage":11,"enemies":"Writhing Mass","floor":38,"turns":5},{"damage":19,"enemies":"Nemesis","floor":40,"turns":5},{"damage":37,"enemies":"Mind Bloom Boss Battle","floor":41,"turns":8},{"damage":57,"enemies":"Reptomancer","floor":42,"turns":8},{"damage":44,"enemies":"Giant Head","floor":44,"turns":7},{"damage":42,"enemies":"3 Darklings","floor":45,"turns":4},{"damage":16,"enemies":"Maw","floor":46,"turns":7},{"damage":67,"enemies":"Transient","floor":47,"turns":6},{"damage":45,"enemies":"4 Shapes","floor":48,"turns":8},{"damage":50,"enemies":"Time Eater","floor":50,"turns":7},{"damage":85,"enemies":"Awakened One","floor":51,"turns":12},{"damage":59,"enemies":"Shield and Spear","floor":55,"turns":8},{"damage":128,"enemies":"The Heart","floor":56,"turns":9}],"seed_played":"1325138984014670398","potions_obtained":[{"floor":1,"key":"BloodPotion"},{"floor":2,"key":"Fruit Juice"},{"floor":4,"key":"BlessingOfTheForge"},{"floor":5,"key":"SkillPotion"},{"floor":10,"key":"LiquidMemories"},{"floor":20,"key":"EntropicBrew"},{"floor":21,"key":"EntropicBrew"},{"floor":29,"key":"FearPotion"},{"floor":33,"key":"Ancient Potion"},{"floor":37,"key":"Strength Potion"},{"floor":38,"key":"Weak Potion"},{"floor":40,"key":"AttackPotion"},{"floor":45,"key":"Swift Potion"}],"is_trial":false,"path_per_floor":["M","M","M","M","M","R","M","R","T","E","R","?","R","?","R","B",null,"M","M","M","M","$","R","E","R","T","E","R","E","R","M","R","B",null,"M","M","M","M","$","E","?","E","T","E","M","M","M","M","R","B","B",null,"R","$","E","B",null],"character_chosen":"IRONCLAD","items_purchased":["Shrug It Off","Orrery","Champion Belt","GamblersBrew","Shrug It Off"],"campfire_rested":4,"item_purchase_floors":[22,39,54,54,54],"current_hp_per_floor":[65,66,68,70,23,23,23,52,52,58,58,63,63,63,63,34,92,92,79,64,61,61,98,103,103,103,96,96,57,57,49,89,37,111,113,113,83,80,80,102,119,91,91,103,125,163,126,166,166,161,136,163,172,169,166,89],"gold":60,"neow_bonus":"THREE_RARE_CARDS","is_prod":false,"is_daily":false,"chose_seed":false,"campfire_upgraded":7,"win_rate":0,"timestamp":1706690674,"path_taken":["M","M","M","?","M","R","M","R","T","E","R","?","R","?","R","BOSS","M","M","M","M","$","R","E","R","T","E","R","E","R","M","R","BOSS","M","M","M","M","$","E","?","E","T","E","M","M","M","M","R","BOSS","BOSS","R","$","E","BOSS"],"build_version":"2022-12-18","purchased_purges":3,"victory":true,"max_hp_per_floor":[78,81,84,92,95,95,98,98,98,102,102,107,107,107,107,111,111,115,119,122,125,125,125,129,129,129,129,129,132,132,135,135,135,135,139,143,143,143,140,144,148,151,151,155,159,163,163,166,166,169,172,172,172,169,179,179],"card_choices":[{"not_picked":["Limit Break","Brutality"],"picked":"Feed","floor":0},{"not_picked":["Anger","Flex"],"picked":"Battle Trance","floor":1},{"not_picked":["Clash","Warcry"],"picked":"Battle Trance","floor":2},{"not_picked":["Pummel","Sever Soul"],"picked":"Anger","floor":3},{"not_picked":["Carnage","Warcry"],"picked":"Rage","floor":4},{"not_picked":["Sword Boomerang","Clash"],"picked":"Armaments","floor":5},{"not_picked":["Power Through","Thunderclap","Armaments"],"picked":"SKIP","floor":7},{"not_picked":["Hemokinesis","Body Slam"],"picked":"Demon Form","floor":10},{"not_picked":["Demon Form","Double Tap"],"picked":"Immolate","floor":16},{"not_picked":["Fire Breathing","Wild Strike"],"picked":"Metallicize+1","floor":18},{"not_picked":["Clash","Rage","Wild Strike"],"picked":"SKIP","floor":19},{"not_picked":["Searing Blow+1","True Grit","Body Slam+1"],"picked":"SKIP","floor":20},{"not_picked":["Inflame+1","Flame Barrier"],"picked":"Heavy Blade","floor":21},{"not_picked":["Spot Weakness","Pummel"],"picked":"Shrug It Off","floor":24},{"not_picked":["Hemokinesis","Flex"],"picked":"Bloodletting","floor":27},{"not_picked":["Immolate","Whirlwind"],"picked":"Evolve","floor":29},{"not_picked":["Perfected Strike","Fire Breathing","Wild Strike"],"picked":"SKIP","floor":31},{"not_picked":["Immolate","Berserk"],"picked":"Offering","floor":33},{"not_picked":["Twin Strike","Pommel Strike","Iron Wave"],"picked":"SKIP","floor":35},{"not_picked":["Searing Blow","Carnage","Spot Weakness"],"picked":"SKIP","floor":36},{"not_picked":["Perfected Strike","Clothesline","Blood for Blood"],"picked":"SKIP","floor":37},{"not_picked":["Warcry","Inflame","Cleave+1"],"picked":"SKIP","floor":38},{"not_picked":["Thunderclap","Feel No Pain"],"picked":"Reaper","floor":39},{"not_picked":["Pommel Strike","Body Slam"],"picked":"Shrug It Off","floor":39},{"not_picked":["Clash","Sentinel+1"],"picked":"Twin Strike+1","floor":40},{"not_picked":["Wild Strike","Havoc"],"picked":"Shockwave+1","floor":41},{"not_picked":["Whirlwind","Bludgeon","Iron Wave+1"],"picked":"SKIP","floor":42},{"not_picked":["Entrench","Shrug It Off"],"picked":"True Grit+1","floor":44},{"not_picked":["Clash","Headbutt","Havoc"],"picked":"SKIP","floor":45},{"not_picked":["Rage","Pummel+1"],"picked":"Heavy Blade+1","floor":46},{"not_picked":["Second Wind","Feed","Havoc"],"picked":"SKIP","floor":47},{"not_picked":["Sword Boomerang","Combust"],"picked":"Shockwave+1","floor":48},{"not_picked":["Battle Trance","Iron Wave"],"picked":"Burning Pact","floor":55}],"player_experience":1301310,"relics_obtained":[{"floor":9,"key":"Blood Vial"},{"floor":10,"key":"CaptainsWheel"},{"floor":24,"key":"PreservedInsect"},{"floor":27,"key":"Paper Frog"},{"floor":29,"key":"Old Coin"},{"floor":40,"key":"Shuriken"},{"floor":41,"key":"Lizard Tail"},{"floor":42,"key":"HornCleat"},{"floor":44,"key":"Art of War"},{"floor":55,"key":"Strawberry"}],"event_choices":[{"damage_healed":0,"gold_gain":0,"player_choice":"Donut","damage_taken":0,"max_hp_gain":5,"max_hp_loss":0,"event_name":"Big Fish","floor":12,"gold_loss":0},{"damage_healed":0,"gold_gain":0,"cards_transformed":["Strike_R"],"player_choice":"Change","damage_taken":0,"max_hp_gain":0,"max_hp_loss":0,"event_name":"Living Wall","floor":14,"gold_loss":0,"cards_obtained":["Uppercut"]},{"damage_healed":0,"gold_gain":0,"player_choice":"Fight","damage_taken":0,"max_hp_gain":0,"max_hp_loss":0,"event_name":"MindBloom","floor":41,"gold_loss":0}],"is_beta":false,"boss_relics":[{"not_picked":["Black Blood","Tiny House"],"picked":"Cursed Key"},{"not_picked":["Calling Bell","Mark of Pain"],"picked":"Runic Pyramid"}],"items_purged_floors":[22,39,54],"is_endless":false,"potions_floor_spawned":[1,2,4,5,10,20,21,24,29,33,37,38,40,41,45,48],"ascension_level":20}