{"gold_per_floor":[116,131,149,71,90,90,124,147,147,71,91,122,122,154,154,233,233,252,264,264,278,8,8,8,34,34,34,68,68,68,68,68,145,145,156,170,170,184,200,231,246,276,276,276,291,309,362,380,380,380,380,380,380,68,97,97],"floor_reached":57,"playtime":3238,"items_purged":["Strike_R"],"score":2844,"play_id":"f43637fa-6bff-4a58-a47e-08eddbc730ac","local_time":"20240213005811","is_ascension_mode":true,"campfire_choices":[{"data":"Bludgeon","floor":6.0,"key":"SMITH"},{"data":"1","floor":15,"key":"LIFT"},{"data":"Pommel Strike","floor":23,"key":"SMITH"},{"data":"2","floor":27,"key":"LIFT"},{"data":"3","floor":30,"key":"LIFT"},{"data":"Heavy Blade","floor":32,"key":"SMITH"},{"floor":44,"key":"RECALL"},{"data":"Strike_R","floor":49,"key":"PURGE"},{"data":"Feel No Pain","floor":53,"key":"SMITH"}],"neow_cost":"TEN_PERCENT_HP_LOSS","seed_source_timestamp":2908281603504500,"circlet_count":0,"master_deck":["AscendersBane","Defend_R","Defend_R","Defend_R","Defend_R","Bash","Clothesline","Armaments+1","Bludgeon+1","Feel No Pain+1","Heavy Blade+1","Feed","Pommel Strike+1","Spot Weakness","Reaper","Shockwave","Double Tap","True Grit","Exhume+1","Ghostly+1","Ghostly+1","Ghostly+1","Offering+1","Pummel+1","Bloodletting+1","Bludgeon+1","Corruption","Disarm+1","Shockwave+1","Shrug It Off+1","Dual Wield+1","True Grit+1","Armaments+1","Offering+1"],"special_seed":0,"relics":["Burning Blood","Girya","Odd Mushroom","Ice Cream","Self Forming Clay","StoneCalendar","Coffee Dripper","Bird Faced Urn","Eternal Feather","Toxic Egg 2","Snecko Eye","Red Skull","Blood Vial","InkBottle","Peace Pipe","Bag of Marbles","Pen Nib"],"potions_floor_usage":[12,16,25,28,56],"damage_taken":[{"damage":5.0,"enemies":"Small Slimes","floor":1.0,"turns":5.0},{"damage":10.0,"enemies":"Jaw Worm","floor":2.0,"turns":5.0},{"damage":0.0,"enemies":"Cultist","floor":3.0,"turns":4.0},{"damage":3.0,"enemies":"Looter","floor":5.0,"turns":3.0},{"damage":14.0,"enemies":"3 Sentries","floor":7.0,"turns":8.0},{"damage":15.0,"enemies":"The Mushroom Lair","floor":8.0,"turns":4.0},{"damage":1,"enemies":"2 Fungi Beasts","floor":11,"turns":6},{"damage":7,"enemies":"Lagavulin","floor":12,"turns":6},{"damage":9,"enemies":"3 Sentries","floor":14,"turns":9},{"damage":40,"enemies":"Slime Boss","floor":16,"turns":7},{"damage":36,"enemies":"Spheric Guardian","floor":18,"turns":6},{"damage":22,"enemies":"2 Thieves","floor":19,"turns":4},{"damage":25,"enemies":"Shelled Parasite and Fungi","floor":21,"turns":7},{"damage":48,"enemies":"Slavers","floor":25,"turns":7},{"damage":30,"enemies":"Book of Stabbing","floor":28,"turns":6},{"damage":12,"enemies":"Collector","floor":33,"turns":9},{"damage":6,"enemies":"3 Shapes","floor":35,"turns":5},{"damage":1,"enemies":"3 Darklings","floor":36,"turns":3},{"damage":22,"enemies":"Maw","floor":38,"turns":4},{"damage":2,"enemies":"Spire Growth","floor":39,"turns":3},{"damage":30,"enemies":"Reptomancer","floor":40,"turns":6},{"damage":23,"enemies":"Jaw Worm Horde","floor":41,"turns":5},{"damage":9,"enemies":"Giant Head","floor":42,"turns":6},{"damage":10,"enemies":"3 Darklings","floor":45,"turns":4},{"damage":18,"enemies":"Maw","floor":46,"turns":6},{"damage":10,"enemies":"2 Orb Walkers","floor":47,"turns":2},{"damage":9,"enemies":"Spire Growth","floor":48,"turns":1},{"damage":12,"enemies":"Time Eater","floor":50,"turns":9},{"damage":15,"enemies":"Awakened One","floor":51,"turns":10},{"damage":12,"enemies":"Shield and Spear","floor":55,"turns":7},{"damage":28,"enemies":"The Heart","floor":56,"turns":8}],"seed_played":"-1119281737038655118","potions_obtained":[{"floor":2.0,"key":"DistilledChaos"},{"floor":7.0,"key":"Energy Potion"},{"floor":11,"key":"LiquidBronze"},{"floor":14,"key":"Swift Potion"},{"floor":21,"key":"BlessingOfTheForge"},{"floor":35,"key":"BloodPotion"},{"floor":38,"key":"ElixirPotion"},{"floor":40,"key":"Dexterity Potion"},{"floor":48,"key":"AttackPotion"}],"is_trial":false,"path_per_floor":["M","M","M","$","M","R","E","?","T","$","M","E","?","E","R","B",null,"M","M","?","M","$","R","?","E","T","R","E","?","R","T","R","B",null,"M","M","?","M","M","E","M","E","T","R","M","M","?","M","R","B","B",null,"R","$","E","B",null],"character_chosen":"IRONCLAD","items_purchased":["Bludgeon","Feed","Double Tap","True Grit","Bag of Marbles","BlessingOfTheForge","Offering+1"],"campfire_rested":0,"item_purchase_floors":[4,10,22,22,54,54,54],"current_hp_per_floor":[68,64,68,68,68,68,60,51,51,51,60,62,62,63,63,29,67,50,63,63,62,62,62,62,23,23,32,17,17,29,29,41,37,44,53,57,57,53,64,50,71,74,74,74,78,70,90,91,94,94,95,100,102,102,105,105],"gold":97,"neow_bonus":"REMOVE_TWO","is_prod":false,"is_daily":false,"chose_seed":false,"campfire_upgraded":4,"win_rate":0,"timestamp":1707814691,"path_taken":["M","M","M","$","M","R","E","?","T","?","M","E","?","E","R","BOSS","M","M","?","?","$","R","?","E","T","R","E","?","R","?","R","BOSS","M","M","?","M","M","E","M","E","T","R","M","?","?","M","R","BOSS","BOSS","R","$","E","BOSS"],"build_version":"2022-12-18","purchased_purges":1,"victory":true,"max_hp_per_floor":[68,68,68,68,68,68,68,68,68,68,72,75,75,79,79,79,79,83,86,86,86,86,86,86,89,89,89,92,46,46,46,46,46,46,53,57,57,60,64,68,71,74,74,74,78,82,90,94,94,98,102,102,102,102,105,105],"card_choices":[{"not_picked":["Warcry","Thunderclap"],"picked":"Clothesline","floor":1.0},{"not_picked":["Power Through","Havoc"],"picked":"Armaments","floor":2.0},{"not_picked":["Flex","Entrench","Searing Blow"],"picked":"SKIP","floor":3.0},{"not_picked":["Wild Strike","Entrench"],"picked":"Feel No Pain","floor":5.0},{"not_picked":["Dual Wield","Warcry","Flex"],"picked":"SKIP","floor":7.0},{"not_picked":["Flex","Clothesline"],"picked":"Heavy Blade","floor":8.0},{"not_picked":["Sever Soul","Clash"],"picked":"Pommel Strike","floor":11},{"not_picked":["Bludgeon","Havoc","Fire Breathing"],"picked":"SKIP","floor":12},{"not_picked":["Pommel Strike","Sentinel"],"picked":"Spot Weakness","floor":14},{"not_picked":["Double Tap","Demon Form"],"picked":"Reaper","floor":16},{"not_picked":["Pommel Strike","Thunderclap"],"picked":"Shockwave","floor":18},{"not_picked":["Thunderclap","Wild Strike","Sword Boomerang"],"picked":"SKIP","floor":19},{"not_picked":["Flame Barrier","Clothesline","Sentinel+1"],"picked":"SKIP","floor":21},{"not_picked":["Shockwave","Searing Blow","Rage"],"picked":"SKIP","floor":25},{"not_picked":["Second Wind+1","Anger"],"picked":"Exhume+1","floor":28},{"not_picked":["Reaper","Limit Break+1"],"picked":"Offering+1","floor":33},{"not_picked":["Cleave","Thunderclap"],"picked":"Pummel+1","floor":35},{"not_picked":["Warcry+1","True Grit+1"],"picked":"Bloodletting+1","floor":36},{"not_picked":["Flex+1","Clash"],"picked":"Corruption","floor":38},{"not_picked":["Rage+1","Whirlwind"],"picked":"Disarm+1","floor":39},{"not_picked":["Iron Wave+1","Thunderclap"],"picked":"Shockwave+1","floor":40},{"not_picked":["Flex+1","Pommel Strike"],"picked":"Shrug It Off+1","floor":41},{"not_picked":["Carnage","Second Wind+1","Cleave+1"],"picked":"SKIP","floor":42},{"not_picked":["True Grit+1","Anger+1","Combust+1"],"picked":"SKIP","floor":45},{"not_picked":["Whirlwind","Iron Wave"],"picked":"Dual Wield+1","floor":46},{"not_picked":["Heavy Blade","Twin Strike+1"],"picked":"True Grit+1","floor":47},{"not_picked":["Pommel Strike+1","Twin Strike"],"picked":"Armaments+1","floor":48},{"not_picked":["Dual Wield+1","Havoc+1","Fire Breathing+1"],"picked":"SKIP","floor":55}],"player_experience":1346987,"relics_obtained":[{"floor":7.0,"key":"Girya"},{"floor":8.0,"key":"Odd Mushroom"},{"floor":9.0,"key":"Ice Cream"},{"floor":12,"key":"Self Forming Clay"},{"floor":14,"key":"StoneCalendar"},{"floor":25,"key":"Bird Faced Urn"},{"floor":26,"key":"Eternal Feather"},{"floor":28,"key":"Toxic Egg 2"},{"floor":40,"key":"Red Skull"},{"floor":42,"key":"Blood Vial"},{"floor":43,"key":"InkBottle"},{"floor":47,"key":"Peace Pipe"},{"floor":55,"key":"Pen Nib"}],"event_choices":[{"damage_healed":0.0,"max_hp_gain":0.0,"max_hp_loss":0.0,"gold_gain":0.0,"event_name":"Mushrooms","player_choice":"Fought Mushrooms","floor":8.0,"gold_loss":0.0,"damage_taken":0.0},{"damage_healed":0,"gold_gain":0,"player_choice":"Grow","damage_taken":0,"max_hp_gain":0,"max_hp_loss":0,"event_name":"Living Wall","floor":13,"gold_loss":0,"cards_upgraded":["Armaments"]},{"cards_removed":["Strike_R"],"damage_healed":0,"gold_gain":0,"player_choice":"Purged","damage_taken":0,"max_hp_gain":0,"max_hp_loss":0,"event_name":"Purifier","floor":20,"gold_loss":0},{"damage_healed":0,"gold_gain":0,"player_choice":"Ignored","damage_taken":0,"max_hp_gain":0,"max_hp_loss":0,"event_name":"Vampires","floor":24,"gold_loss":0},{"damage_healed":0,"gold_gain":0,"player_choice":"Became a Ghost","damage_taken":0,"max_hp_gain":0,"max_hp_loss":46,"event_name":"Ghosts","floor":29,"gold_loss":0,"cards_obtained":["Ghostly","Ghostly","Ghostly"]},{"damage_healed":0,"gold_gain":0,"player_choice":"Copied","damage_taken":0,"max_hp_gain":0,"max_hp_loss":0,"event_name":"Duplicator","floor":37,"gold_loss":0,"cards_obtained":["Bludgeon"]},{"damage_healed":0,"gold_gain":0,"player_choice":"Fight","damage_taken":0,"max_hp_gain":0,"max_hp_loss":0,"event_name":"Mysterious Sphere","floor":47,"gold_loss":0}],"is_beta":false,"boss_relics":[{"not_picked":["SacredBark","Runic Cube"],"picked":"Coffee Dripper"},{"not_picked":["Busted Crown","Mark of Pain"],"picked":"Snecko Eye"}],"items_purged_floors":[22],"is_endless":false,"potions_floor_spawned":[2,7,11,14,21,35,38,40,46,48],"ascension_level":20}