{"gold_per_floor":[117,42,62,3,15,15,48,22,22,22,49,68,80,110,110,183,183,201,251,251,78,93,93,108,140,140,140,155,182,25,45,45,45],"floor_reached":33,"playtime":1515,"items_purged":["Clumsy","Strike_R"],"score":610,"play_id":"6fd9fa7a-9660-4f1c-ac6c-b8f7541355ec","local_time":"20240213000338","is_ascension_mode":true,"campfire_choices":[{"data":"Uppercut","floor":6,"key":"SMITH"},{"data":"Clothesline","floor":10,"key":"SMITH"},{"data":"True Grit","floor":15,"key":"SMITH"},{"data":"Armaments","floor":23,"key":"SMITH"},{"data":"Cleave","floor":27,"key":"SMITH"},{"data":"Pommel Strike","floor":32,"key":"SMITH"}],"neow_cost":"CURSE","seed_source_timestamp":2906754990001800,"circlet_count":0,"master_deck":["AscendersBane","Strike_R","Strike_R","Defend_R","Defend_R","Defend_R","Bash","Clothesline+1","Iron Wave","Uppercut+1","Armaments+1","Headbutt","Shrug It Off","Double Tap","True Grit+1","Impervious","Carnage","Cleave+1","Pommel Strike+1","Shrug It Off"],"relics":["Burning Blood","Meat on the Bone","Blood Vial","Self Forming Clay","Centennial Puzzle","Matryoshka","Velvet Choker","Nunchaku","Anchor","Pen Nib","Eternal Feather","Bag of Marbles","White Beast Statue","Tiny Chest"],"potions_floor_usage":[7,25,25,33,33],"damage_taken":[{"damage":11,"enemies":"Cultist","floor":1,"turns":5},{"damage":1,"enemies":"Small Slimes","floor":3,"turns":4},{"damage":3,"enemies":"2 Louse","floor":5,"turns":3},{"damage":35,"enemies":"3 Sentries","floor":7,"turns":9},{"damage":21,"enemies":"Gremlin Nob","floor":11,"turns":4},{"damage":3,"enemies":"Looter","floor":12,"turns":2},{"damage":6,"enemies":"Exordium Wildlife","floor":13,"turns":5},{"damage":14,"enemies":"Lagavulin","floor":14,"turns":6},{"damage":47,"enemies":"The Guardian","floor":16,"turns":18},{"damage":10,"enemies":"Shell Parasite","floor":18,"turns":6},{"damage":4,"enemies":"Chosen","floor":22,"turns":5},{"damage":3,"enemies":"Snake Plant","floor":24,"turns":2},{"damage":33,"enemies":"Gremlin Leader","floor":25,"turns":7},{"damage":13,"enemies":"Cultist and Chosen","floor":28,"turns":4},{"damage":1,"enemies":"Book of Stabbing","floor":29,"turns":3},{"damage":0,"enemies":"Snecko","floor":31,"turns":2},{"damage":108,"enemies":"Champ","floor":33,"turns":15}],"seed_played":"-1314334954110232656","potions_obtained":[{"floor":1,"key":"SkillPotion"},{"floor":12,"key":"Energy Potion"},{"floor":16,"key":"Explosive Potion"},{"floor":25,"key":"SmokeBomb"},{"floor":28,"key":"Block Potion"},{"floor":29,"key":"Energy Potion"},{"floor":31,"key":"BloodPotion"}],"is_trial":false,"path_per_floor":["M","$","M","?","M","R","E","$","T","R","E","M","M","E","R","B",null,"M","T","?","$","M","R","M","E","T","R","M","E","$","M","R","B"],"character_chosen":"IRONCLAD","items_purchased":["Shrug It Off","Pen Nib","Shrug It Off"],"campfire_rested":0,"item_purchase_floors":[8,21,30],"current_hp_per_floor":[63,63,68,68,71,71,54,54,54,54,53,58,60,54,54,27,63,61,61,61,61,65,65,70,45,45,54,49,56,56,64,75,0],"gold":45,"neow_bonus":"TRANSFORM_TWO_CARDS","is_prod":false,"is_daily":false,"chose_seed":false,"campfire_upgraded":6,"win_rate":0,"timestamp":1707811418,"path_taken":["M","$","M","?","M","R","E","?","T","R","E","M","?","E","R","BOSS","M","?","?","$","?","R","M","E","T","R","M","E","?","M","R","BOSS"],"build_version":"2022-12-18","purchased_purges":2,"victory":false,"max_hp_per_floor":[75,75,75,75,75,75,75,75,75,75,75,75,75,75,75,75,75,75,75,75,75,75,75,75,75,75,75,75,75,75,75,75,75],"card_choices":[{"not_picked":["Clothesline","Iron Wave"],"picked":"Uppercut","floor":1},{"not_picked":["Perfected Strike","Fire Breathing"],"picked":"Armaments","floor":3},{"not_picked":["True Grit","Thunderclap"],"picked":"Headbutt","floor":5},{"not_picked":["Bludgeon","Intimidate","Iron Wave"],"picked":"SKIP","floor":7},{"not_picked":["Heavy Blade","Clash"],"picked":"Double Tap","floor":11},{"not_picked":["Carnage","Clash","Anger"],"picked":"SKIP","floor":12},{"not_picked":["Warcry","Armaments"],"picked":"True Grit","floor":13},{"not_picked":["Intimidate","Rage","Flex"],"picked":"SKIP","floor":14},{"not_picked":["Double Tap","Berserk"],"picked":"Impervious","floor":16},{"not_picked":["Sever Soul","Body Slam","Rage"],"picked":"SKIP","floor":18},{"not_picked":["Anger","Headbutt"],"picked":"Carnage","floor":22},{"not_picked":["Blood for Blood","True Grit","Cleave"],"picked":"SKIP","floor":24},{"not_picked":["Dark Embrace","Dual Wield"],"picked":"Cleave","floor":25},{"not_picked":["Entrench","Dropkick"],"picked":"Pommel Strike","floor":28},{"not_picked":["Sentinel","Fire Breathing","Dropkick"],"picked":"SKIP","floor":29},{"not_picked":["Flex","Armaments","Thunderclap+1"],"picked":"SKIP","floor":31}],"player_experience":1345472,"relics_obtained":[{"floor":7,"key":"Blood Vial"},{"floor":9,"key":"Self Forming Clay"},{"floor":11,"key":"Centennial Puzzle"},{"floor":14,"key":"Matryoshka"},{"floor":19,"key":"Nunchaku"},{"floor":19,"key":"Anchor"},{"floor":25,"key":"Eternal Feather"},{"floor":26,"key":"Bag of Marbles"},{"floor":26,"key":"White Beast Statue"},{"floor":29,"key":"Tiny Chest"}],"event_choices":[{"damage_healed":0,"gold_gain":0,"player_choice":"Paid Gold","damage_taken":0,"relics_obtained":["Meat on the Bone"],"max_hp_gain":0,"max_hp_loss":0,"event_name":"WeMeetAgain","floor":4,"gold_loss":59},{"cards_removed":["Strike_R"],"damage_healed":0,"gold_gain":0,"player_choice":"Purged","damage_taken":0,"max_hp_gain":0,"max_hp_loss":0,"event_name":"Purifier","floor":20,"gold_loss":0}],"is_beta":false,"boss_relics":[{"not_picked":["Fusion Hammer","Empty Cage"],"picked":"Velvet Choker"}],"items_purged_floors":[2,30],"is_endless":false,"potions_floor_spawned":[1,12,16,25,28,29,31],"killed_by":"Champ","ascension_level":20}