{"gold_per_floor":[116,116,133,58,58,58,58,68,93,103,131,131,0,39,39,129,129,148,162,162,178,178,178],"floor_reached":23,"playtime":920,"items_purged":["Strike_R"],"score":398,"play_id":"3fd1f400-5116-41a3-a89d-c127f09a927e","local_time":"20240212202026","is_ascension_mode":true,"campfire_choices":[{"floor":6.0,"key":"REST"},{"data":"Barricade","floor":15,"key":"SMITH"}],"neow_cost":"TEN_PERCENT_HP_LOSS","seed_source_timestamp":2893946079690000,"circlet_count":0,"master_deck":["AscendersBane","Strike_R","Strike_R","Strike_R+1","Strike_R+1","Defend_R","Defend_R","Defend_R","Bash","Metamorphosis","Flame Barrier","Iron Wave","Flame Barrier","Shrug It Off","Barricade+1","Shrug It Off","Second Wind","Limit Break","True Grit","Entrench","Power Through"],"special_seed":0,"relics":["Burning Blood","Vajra","Red Skull","Sundial","Bloody Idol","Boot","Cursed Key"],"potions_floor_usage":[14,16,21,23,23],"damage_taken":[{"damage":7.0,"enemies":"2 Louse","floor":1.0,"turns":2.0},{"damage":12.0,"enemies":"Small Slimes","floor":3.0,"turns":3.0},{"damage":0,"enemies":"Jaw Worm","floor":8,"turns":3},{"damage":0,"enemies":"Looter","floor":10,"turns":3},{"damage":11,"enemies":"Gremlin Nob","floor":11,"turns":3},{"damage":5,"enemies":"Lagavulin","floor":14,"turns":10},{"damage":24,"enemies":"The Guardian","floor":16,"turns":14},{"damage":16,"enemies":"Spheric Guardian","floor":18,"turns":6},{"damage":20,"enemies":"Chosen","floor":19,"turns":5},{"damage":18,"enemies":"3 Cultists","floor":21,"turns":6},{"damage":25,"enemies":"Cultist and Chosen","floor":23,"turns":11}],"seed_played":"-2968255134767071560","potions_obtained":[{"floor":8,"key":"Swift Potion"},{"floor":10,"key":"Regen Potion"},{"floor":14,"key":"AttackPotion"},{"floor":16,"key":"Explosive Potion"},{"floor":18,"key":"DuplicationPotion"},{"floor":21,"key":"LiquidMemories"}],"is_trial":false,"path_per_floor":["M","?","M","?","?","R","?","M","T","M","E","?","$","E","R","B",null,"M","M","?","M","?","M"],"character_chosen":"IRONCLAD","items_purchased":["Shrug It Off"],"campfire_rested":1,"item_purchase_floors":[13],"current_hp_per_floor":[67,72,66,66,21,42,20,26,26,32,27,27,27,43,43,25,56,46,32,32,20,20,0],"gold":178,"neow_bonus":"RANDOM_COLORLESS_2","is_prod":false,"is_daily":false,"chose_seed":false,"campfire_upgraded":1,"win_rate":0,"timestamp":1707798026,"path_taken":["M","?","M","?","?","R","?","?","T","M","E","?","$","E","R","BOSS","M","M","?","M","?","M"],"build_version":"2022-12-18","purchased_purges":1,"victory":false,"max_hp_per_floor":[68,73,73,73,73,73,73,73,73,73,73,66,66,66,66,66,66,66,66,66,66,66,66],"card_choices":[{"not_picked":["Panache","Secret Weapon"],"picked":"Metamorphosis","floor":0.0},{"not_picked":["Second Wind","Sword Boomerang"],"picked":"Flame Barrier","floor":1.0},{"not_picked":["Thunderclap","Clothesline"],"picked":"Iron Wave","floor":3.0},{"not_picked":["Whirlwind","Iron Wave"],"picked":"Flame Barrier","floor":8},{"not_picked":["Anger","Wild Strike"],"picked":"Shrug It Off","floor":10},{"not_picked":["Blood for Blood","Rage"],"picked":"Barricade","floor":11},{"not_picked":["Pummel","Rage"],"picked":"Second Wind","floor":14},{"not_picked":["Berserk","Juggernaut"],"picked":"Limit Break","floor":16},{"not_picked":["Heavy Blade","Flame Barrier"],"picked":"True Grit","floor":18},{"not_picked":["Uppercut","Heavy Blade","Anger+1"],"picked":"SKIP","floor":19},{"not_picked":["Intimidate","Rampage"],"picked":"Power Through","floor":21}],"player_experience":1344552,"relics_obtained":[{"floor":9,"key":"Red Skull"},{"floor":11,"key":"Sundial"},{"floor":14,"key":"Boot"}],"event_choices":[{"damage_healed":0.0,"max_hp_gain":5.0,"max_hp_loss":0.0,"gold_gain":0.0,"event_name":"Big Fish","player_choice":"Donut","floor":2.0,"gold_loss":0.0,"damage_taken":0.0},{"cards_removed":["Defend_R"],"damage_healed":0.0,"max_hp_gain":0.0,"max_hp_loss":0.0,"gold_gain":0.0,"event_name":"The Cleric","player_choice":"Card Removal","floor":4.0,"gold_loss":75.0,"damage_taken":0.0},{"damage_healed":0.0,"max_hp_gain":0.0,"max_hp_loss":0.0,"gold_gain":0.0,"event_name":"Scrap Ooze","player_choice":"Success","floor":5.0,"gold_loss":0.0,"damage_taken":45.0,"relics_obtained":["Vajra"]},{"damage_healed":0.0,"max_hp_gain":0.0,"max_hp_loss":0.0,"gold_gain":0.0,"event_name":"Shining Light","player_choice":"Entered Light","floor":7.0,"gold_loss":0.0,"damage_taken":22.0,"cards_upgraded":["Strike_R","Strike_R"]},{"damage_healed":0,"gold_gain":0,"player_choice":"Lose Max HP","damage_taken":0,"relics_obtained":["Golden Idol"],"max_hp_gain":0,"max_hp_loss":7,"event_name":"Golden Idol","floor":12,"gold_loss":0},{"damage_healed":0,"gold_gain":0,"player_choice":"Read","damage_taken":0,"max_hp_gain":0,"max_hp_loss":0,"event_name":"The Library","floor":20,"gold_loss":0,"cards_obtained":["Entrench"]},{"damage_healed":0,"gold_gain":0,"player_choice":"Gave Idol","damage_taken":0,"relics_obtained":["Bloody Idol"],"max_hp_gain":0,"max_hp_loss":0,"event_name":"Forgotten Altar","floor":22,"relics_lost":["Golden Idol"],"gold_loss":0}],"is_beta":false,"boss_relics":[{"not_picked":["Mark of Pain","Ectoplasm"],"picked":"Cursed Key"}],"items_purged_floors":[13],"is_endless":false,"potions_floor_spawned":[8,10,14,16,18,19,21],"killed_by":"Cultist and Chosen","ascension_level":20}