{"gold_per_floor":[109,59,129,149,166,198,198,230,230,248,259,259,274,41,41,139,139,149,149,163,42,52,52,82,82,164,89,89,104,104,132,132,227,227,237,237,237,249,0,0,35,35,85,85,85,114,129,156,156,156],"floor_reached":51,"playtime":3209,"items_purged":["Strike_P","Strike_P"],"score":1001,"play_id":"302692d8-a66a-44fa-9a4a-513ed83eb592","local_time":"20230813174838","is_ascension_mode":true,"campfire_choices":[{"data":"Ragnarok","floor":7,"key":"SMITH"},{"data":"ThirdEye","floor":12,"key":"SMITH"},{"data":"Vigilance","floor":15,"key":"SMITH"},{"data":"WindmillStrike","floor":23,"key":"SMITH"},{"floor":25,"key":"REST"},{"data":"Defend_P","floor":28,"key":"SMITH"},{"floor":30,"key":"REST"},{"data":"BattleHymn","floor":32,"key":"SMITH"},{"data":"Devotion","floor":40,"key":"SMITH"},{"data":"Defend_P","floor":42,"key":"SMITH"},{"data":"Study","floor":44,"key":"SMITH"},{"data":"Establishment","floor":49,"key":"SMITH"}],"neow_cost":"NONE","seed_source_timestamp":402090824185400,"circlet_count":0,"master_deck":["Strike_P","Strike_P","Defend_P+1","Defend_P","Defend_P+1","Eruption","Vigilance+1","Ragnarok+1","ThirdEye+1","Establishment+1","ClearTheMind+1","DeceiveReality+1","SpiritShield+1","Study+1","SpiritShield+1","WindmillStrike+1","EmptyFist","Prostrate+1","BattleHymn+1","Prostrate+1","Devotion+1","Clumsy","Madness+1","Madness+1","Prostrate+1"],"relics":["PureWater","Potion Belt","Ornamental Fan","Incense Burner","Toxic Egg 2","Singing Bowl","Frozen Eye","Cursed Key","InkBottle","StrikeDummy","Bottled Lightning","Black Star","Toolbox","Darkstone Periapt","Anchor","Smiling Mask","Bronze Scales","MealTicket","Pantograph","Ginger"],"potions_floor_usage":[8,11,13,20,31,41],"damage_taken":[{"damage":0,"enemies":"Jaw Worm","floor":1,"turns":4},{"damage":2,"enemies":"Small Slimes","floor":4,"turns":4},{"damage":4,"enemies":"Cultist","floor":5,"turns":4},{"damage":12,"enemies":"Gremlin Nob","floor":6,"turns":4},{"damage":10,"enemies":"3 Sentries","floor":8,"turns":6},{"damage":0,"enemies":"Looter","floor":10,"turns":3},{"damage":0,"enemies":"3 Louse","floor":11,"turns":3},{"damage":0,"enemies":"Large Slime","floor":13,"turns":3},{"damage":0,"enemies":"Slime Boss","floor":16,"turns":4},{"damage":5,"enemies":"Chosen","floor":18,"turns":4},{"damage":28,"enemies":"2 Thieves","floor":20,"turns":4},{"damage":0,"enemies":"Snake Plant","floor":22,"turns":6},{"damage":30,"enemies":"Gremlin Leader","floor":24,"turns":6},{"damage":3,"enemies":"Shelled Parasite and Fungi","floor":29,"turns":4},{"damage":0,"enemies":"Slavers","floor":31,"turns":2},{"damage":11,"enemies":"Champ","floor":33,"turns":7},{"damage":0,"enemies":"Orb Walker","floor":35,"turns":4},{"damage":0,"enemies":"3 Shapes","floor":38,"turns":5},{"damage":39,"enemies":"Reptomancer","floor":41,"turns":7},{"damage":2,"enemies":"Nemesis","floor":46,"turns":5},{"damage":20,"enemies":"Spire Growth","floor":47,"turns":4},{"damage":0,"enemies":"Giant Head","floor":48,"turns":5},{"damage":0,"enemies":"Donu and Deca","floor":50,"turns":6}],"seed_played":"367764695086274060","potions_obtained":[{"floor":5,"key":"Fire Potion"},{"floor":10,"key":"Energy Potion"},{"floor":11,"key":"Fruit Juice"},{"floor":13,"key":"Energy Potion"},{"floor":16,"key":"Block Potion"},{"floor":22,"key":"Ambrosia"},{"floor":24,"key":"FearPotion"},{"floor":33,"key":"SteroidPotion"},{"floor":38,"key":"Ancient Potion"},{"floor":47,"key":"Weak Potion"},{"floor":48,"key":"ColorlessPotion"}],"is_trial":false,"path_per_floor":["M","?","T","M","M","E","R","E","T","M","M","R","M","$","R","B",null,"M","?","M","$","M","R","E","R","T","?","R","M","R","E","R","B",null,"M","?","?","M","$","R","E","R","T","R","?","E","M","E","R","B",null],"character_chosen":"WATCHER","items_purchased":["DeceiveReality+1","Frozen Eye","EmptyFist","Toolbox"],"campfire_rested":2,"item_purchase_floors":[14,14,21,39],"current_hp_per_floor":[72,72,72,70,66,54,54,44,44,46,46,46,51,51,51,51,79,74,74,46,46,46,46,16,39,39,39,39,36,59,59,59,48,79,81,81,81,83,83,83,46,46,52,52,41,41,23,23,23,48],"gold":156,"neow_bonus":"RANDOM_COMMON_RELIC","is_prod":false,"is_daily":false,"chose_seed":false,"campfire_upgraded":10,"win_rate":0,"timestamp":1691974118,"path_taken":["M","?","?","M","M","E","R","E","T","M","M","R","M","$","R","BOSS","M","?","M","$","?","R","E","R","T","?","R","M","R","E","R","BOSS","M","?","?","M","$","R","E","R","T","R","?","E","?","E","R","BOSS"],"build_version":"2022-12-18","purchased_purges":2,"victory":true,"max_hp_per_floor":[72,72,72,72,72,72,72,72,72,74,74,74,79,79,79,79,79,79,79,79,79,79,79,79,79,79,79,79,79,79,79,79,79,79,81,81,81,83,83,83,85,85,91,91,91,93,95,95,95,95],"card_choices":[{"not_picked":["SashWhip","WheelKick","FlurryOfBlows"],"picked":"SKIP","floor":1},{"not_picked":["FlyingSleeves","FlurryOfBlows"],"picked":"Ragnarok","floor":4},{"not_picked":["EmptyFist","InnerPeace"],"picked":"ThirdEye","floor":5},{"not_picked":["Perseverance","Consecrate","SashWhip"],"picked":"SKIP","floor":6},{"not_picked":["JustLucky","CarveReality","CrushJoints"],"picked":"SKIP","floor":8},{"not_picked":["EmptyFist","SignatureMove","ReachHeaven"],"picked":"Singing Bowl","floor":10},{"not_picked":["SashWhip","TalkToTheHand"],"picked":"Establishment","floor":11},{"not_picked":["CrushJoints","BowlingBash"],"picked":"ClearTheMind+1","floor":13},{"not_picked":["DeusExMachina+1","LessonLearned"],"picked":"SpiritShield+1","floor":16},{"not_picked":["SandsOfTime","Halt+1"],"picked":"Study","floor":18},{"not_picked":["Evaluate+1","ClearTheMind+1"],"picked":"WindmillStrike","floor":20},{"not_picked":["FlurryOfBlows","BowlingBash"],"picked":"Prostrate+1","floor":22},{"not_picked":["SashWhip+1","Halt+1"],"picked":"BattleHymn","floor":24},{"not_picked":["CarveReality","Swivel+1"],"picked":"Prostrate+1","floor":29},{"not_picked":["Collect+1","SashWhip","Tantrum"],"picked":"SKIP","floor":31},{"not_picked":["Vault+1","DeusExMachina+1"],"picked":"Devotion","floor":33},{"not_picked":["EmptyFist+1","EmptyBody+1","Adaptation"],"picked":"Singing Bowl","floor":35},{"not_picked":["SignatureMove+1","InnerPeace+1","FollowUp+1"],"picked":"Singing Bowl","floor":38},{"not_picked":["Meditate+1","Sanctity+1","FlyingSleeves+1"],"picked":"Singing Bowl","floor":41},{"not_picked":["JustLucky","CrushJoints","SandsOfTime+1"],"picked":"Singing Bowl","floor":46},{"not_picked":["Adaptation","SashWhip+1","JustLucky+1"],"picked":"Singing Bowl","floor":47},{"not_picked":["CrushJoints+1","Meditate+1"],"picked":"Prostrate+1","floor":48}],"player_experience":226528,"relics_obtained":[{"floor":3,"key":"Ornamental Fan"},{"floor":6,"key":"Incense Burner"},{"floor":8,"key":"Toxic Egg 2"},{"floor":9,"key":"Singing Bowl"},{"floor":24,"key":"InkBottle"},{"floor":26,"key":"StrikeDummy"},{"floor":31,"key":"Bottled Lightning"},{"floor":41,"key":"Darkstone Periapt"},{"floor":41,"key":"Anchor"},{"floor":43,"key":"Smiling Mask"},{"floor":46,"key":"Bronze Scales"},{"floor":46,"key":"MealTicket"},{"floor":48,"key":"Pantograph"},{"floor":48,"key":"Ginger"}],"event_choices":[{"cards_removed":["Defend_P"],"damage_healed":0,"gold_gain":0,"player_choice":"Card Removal","damage_taken":0,"max_hp_gain":0,"max_hp_loss":0,"event_name":"The Cleric","floor":2,"gold_loss":50},{"damage_healed":0,"gold_gain":0,"player_choice":"Copied","damage_taken":0,"max_hp_gain":0,"max_hp_loss":0,"event_name":"Duplicator","floor":19,"gold_loss":0,"cards_obtained":["SpiritShield"]},{"cards_removed":["Doubt"],"damage_healed":0,"gold_gain":0,"player_choice":"Gave Gold","damage_taken":0,"max_hp_gain":0,"max_hp_loss":0,"event_name":"Beggar","floor":27,"gold_loss":75},{"damage_healed":0,"gold_gain":0,"player_choice":"Ignored","damage_taken":0,"max_hp_gain":0,"max_hp_loss":0,"event_name":"Mysterious Sphere","floor":36,"gold_loss":0},{"damage_healed":0,"gold_gain":0,"player_choice":"Ignored","damage_taken":0,"max_hp_gain":0,"max_hp_loss":0,"event_name":"Tomb of Lord Red Mask","floor":37,"gold_loss":0},{"damage_healed":0,"gold_gain":0,"player_choice":"Embrace Madness","damage_taken":11,"max_hp_gain":0,"max_hp_loss":0,"event_name":"Winding Halls","floor":45,"gold_loss":0,"cards_obtained":["Madness","Madness"]}],"is_beta":false,"boss_relics":[{"not_picked":["Fusion Hammer","Runic Dome"],"picked":"Cursed Key"},{"not_picked":["Pandora\u0027s Box","Sozu"],"picked":"Black Star"}],"items_purged_floors":[21,39],"is_endless":false,"potions_floor_spawned":[5,10,11,13,16,22,24,33,38,47,48],"ascension_level":1}