{"gold_per_floor":[110,122,122,140,65,65,94,94,146,159,159,159,178,253,253,253],"floor_reached":16,"playtime":1153,"items_purged":["Defend_P"],"score":100,"play_id":"248c2110-42a2-4d80-b8b1-e4ce04ef0d05","local_time":"20230809231718","is_ascension_mode":false,"campfire_choices":[{"data":"Apotheosis","floor":6,"key":"SMITH"},{"floor":8,"key":"REST"},{"data":"BattleHymn","floor":15,"key":"SMITH"}],"neow_cost":"PERCENT_DAMAGE","seed_source_timestamp":78300975825500,"circlet_count":0,"master_deck":["Strike_P","Strike_P","Strike_P","Strike_P","Defend_P","Defend_P","Defend_P","Eruption","Vigilance","Apotheosis+1","WaveOfTheHand","ClearTheMind","Sanctity","BattleHymn+1","Protect","Injury","Evaluate"],"relics":["PureWater","Nunchaku","Potion Belt","Ancient Tea Set","Golden Idol"],"potions_floor_usage":[13],"damage_taken":[{"damage":0,"enemies":"Jaw Worm","floor":1,"turns":5},{"damage":0,"enemies":"Small Slimes","floor":2,"turns":5},{"damage":0,"enemies":"2 Louse","floor":4,"turns":5},{"damage":48,"enemies":"3 Sentries","floor":7,"turns":14},{"damage":0,"enemies":"Large Slime","floor":10,"turns":4},{"damage":2,"enemies":"Exordium Wildlife","floor":13,"turns":7},{"damage":33,"enemies":"The Guardian","floor":16,"turns":9}],"seed_played":"-3760148068277934808","potions_obtained":[{"floor":7,"key":"Strength Potion"},{"floor":10,"key":"Regen Potion"},{"floor":13,"key":"ColorlessPotion"}],"is_trial":false,"path_per_floor":["M","M","?","M","$","R","E","R","T","M","?","?","M","?","R","B"],"character_chosen":"WATCHER","items_purchased":[],"campfire_rested":1,"item_purchase_floors":[],"current_hp_per_floor":[51,51,56,56,56,56,8,31,31,31,24,24,37,26,26,0],"gold":253,"neow_bonus":"RANDOM_COLORLESS_2","is_prod":false,"is_daily":false,"chose_seed":false,"campfire_upgraded":2,"win_rate":0,"timestamp":1691648238,"path_taken":["M","M","?","M","$","R","E","R","T","M","?","?","M","?","R","BOSS"],"build_version":"2022-12-18","purchased_purges":1,"victory":false,"max_hp_per_floor":[72,72,77,77,77,77,77,77,77,77,77,77,77,77,77,77],"card_choices":[{"not_picked":["Violence","HandOfGreed"],"picked":"Apotheosis","floor":0},{"not_picked":["PathToVictory","Collect"],"picked":"WaveOfTheHand","floor":1},{"not_picked":["Perseverance","Halt"],"picked":"ClearTheMind","floor":2},{"not_picked":["Conclude","Consecrate"],"picked":"Sanctity","floor":4},{"not_picked":["SpiritShield","Perseverance"],"picked":"BattleHymn","floor":7},{"not_picked":["Collect","Perseverance"],"picked":"Protect","floor":10},{"not_picked":["Consecrate","Sanctity"],"picked":"Evaluate","floor":13}],"player_experience":182925,"relics_obtained":[{"floor":7,"key":"Nunchaku"},{"floor":9,"key":"Potion Belt"}],"event_choices":[{"damage_healed":0,"gold_gain":0,"player_choice":"Donut","damage_taken":0,"max_hp_gain":5,"max_hp_loss":0,"event_name":"Big Fish","floor":3,"gold_loss":0},{"damage_healed":0,"gold_gain":0,"player_choice":"Success","damage_taken":7,"relics_obtained":["Ancient Tea Set"],"max_hp_gain":0,"max_hp_loss":0,"event_name":"Scrap Ooze","floor":11,"gold_loss":0},{"damage_healed":0,"gold_gain":0,"player_choice":"Take Wound","damage_taken":0,"relics_obtained":["Golden Idol"],"max_hp_gain":0,"max_hp_loss":0,"event_name":"Golden Idol","floor":12,"gold_loss":0,"cards_obtained":["Injury"]},{"damage_healed":0,"gold_gain":75,"player_choice":"Gather Gold","damage_taken":11,"max_hp_gain":0,"max_hp_loss":0,"event_name":"World of Goop","floor":14,"gold_loss":0}],"is_beta":false,"boss_relics":[],"items_purged_floors":[5],"is_endless":false,"potions_floor_spawned":[7,10,13],"killed_by":"The Guardian","ascension_level":0}