{"gold_per_floor":[114,124,124,142,159,159,184,200,246,321,334,334,334,354,354,450,450,470,470,470,75,89,89,116,76,121,154,170,170,170,187,187,282,282,294,308,308,308,327,327,362,375,400,3,21,71,104,122,122,122],"floor_reached":51,"playtime":4371,"items_purged":["Weave","Defend_P"],"score":824,"play_id":"7078fccb-86d1-4f64-b80b-f4bede6f3819","local_time":"20230807192021","is_ascension_mode":false,"campfire_choices":[{"data":"Pray","floor":6,"key":"SMITH"},{"data":"Prostrate","floor":12,"key":"SMITH"},{"data":"Protect","floor":15,"key":"SMITH"},{"data":"Vigilance","floor":23,"key":"SMITH"},{"data":"BattleHymn","floor":29,"key":"SMITH"},{"data":"Protect","floor":32,"key":"SMITH"},{"data":"Devotion","floor":40,"key":"SMITH"},{"floor":49,"key":"RECALL"}],"neow_cost":"NONE","seed_source_timestamp":1917199697602800,"circlet_count":0,"master_deck":["Strike_P+1","Eruption","Vigilance+1","ClearTheMind","Protect+1","Pray+1","MasterReality+1","Protect+1","Prostrate+1","Devotion+1","BattleHymn+1","MentalFortress","Sanctity+1","ThirdEye+1","BattleHymn","MentalFortress","Pray+1","Brilliance","Worship+1","InnerPeace+1","MentalFortress+1","Alpha","LikeWater"],"relics":["PureWater","Incense Burner","Whetstone","HornCleat","Empty Cage","Mummified Hand","MealTicket","Happy Flower","Sundial","VioletLotus","Lantern","PreservedInsect","Ancient Tea Set","Peace Pipe","Ice Cream"],"potions_floor_usage":[8,14,27,41,47,50],"damage_taken":[{"damage":2,"enemies":"2 Louse","floor":1,"turns":2},{"damage":0,"enemies":"Small Slimes","floor":2,"turns":2},{"damage":1,"enemies":"Jaw Worm","floor":4,"turns":3},{"damage":12,"enemies":"Blue Slaver","floor":5,"turns":3},{"damage":11,"enemies":"Lagavulin","floor":7,"turns":8},{"damage":4,"enemies":"2 Fungi Beasts","floor":8,"turns":3},{"damage":0,"enemies":"Exordium Wildlife","floor":11,"turns":2},{"damage":0,"enemies":"3 Louse","floor":14,"turns":6},{"damage":6,"enemies":"Hexaghost","floor":16,"turns":11},{"damage":23,"enemies":"Chosen","floor":18,"turns":8},{"damage":4,"enemies":"Shell Parasite","floor":22,"turns":4},{"damage":32,"enemies":"Slavers","floor":24,"turns":5},{"damage":3,"enemies":"Gremlin Leader","floor":27,"turns":4},{"damage":0,"enemies":"3 Cultists","floor":28,"turns":5},{"damage":0,"enemies":"Chosen and Byrds","floor":31,"turns":6},{"damage":0,"enemies":"Automaton","floor":33,"turns":6},{"damage":0,"enemies":"3 Darklings","floor":35,"turns":4},{"damage":0,"enemies":"3 Shapes","floor":36,"turns":4},{"damage":4,"enemies":"Jaw Worm Horde","floor":39,"turns":4},{"damage":13,"enemies":"Nemesis","floor":41,"turns":5},{"damage":0,"enemies":"Writhing Mass","floor":42,"turns":4},{"damage":0,"enemies":"3 Darklings","floor":45,"turns":4},{"damage":0,"enemies":"Mind Bloom Boss Battle","floor":46,"turns":6},{"damage":7,"enemies":"Reptomancer","floor":47,"turns":5},{"damage":3,"enemies":"Sphere and 2 Shapes","floor":48,"turns":5},{"damage":0,"enemies":"Awakened One","floor":50,"turns":6}],"seed_played":"666956563811319159","potions_obtained":[{"floor":1,"key":"Fire Potion"},{"floor":7,"key":"DuplicationPotion"},{"floor":11,"key":"Regen Potion"},{"floor":24,"key":"Weak Potion"},{"floor":27,"key":"Swift Potion"},{"floor":28,"key":"DuplicationPotion"},{"floor":42,"key":"AttackPotion"},{"floor":46,"key":"DistilledChaos"},{"floor":47,"key":"Ancient Potion"}],"is_trial":false,"path_per_floor":["M","M","?","M","M","R","E","M","T","?","M","R","?","M","R","B",null,"M","?","?","$","M","R","E","$","T","E","M","R","?","M","R","B",null,"M","M","?","?","M","R","E","M","T","$","M","?","E","M","R","B",null],"character_chosen":"WATCHER","items_purchased":["Mummified Hand","MentalFortress","BattleHymn","PreservedInsect","Ancient Tea Set"],"campfire_rested":0,"item_purchase_floors":[21,21,25,44,44],"current_hp_per_floor":[77,77,70,69,57,57,46,42,42,31,31,31,13,28,28,22,79,56,56,56,56,52,52,20,35,35,32,32,32,32,32,32,32,79,79,79,79,79,75,75,62,62,62,77,77,77,70,67,67,67],"gold":122,"neow_bonus":"TEN_PERCENT_HP_BONUS","is_prod":false,"is_daily":false,"chose_seed":false,"campfire_upgraded":7,"win_rate":0,"timestamp":1691461221,"path_taken":["M","M","?","M","M","R","E","M","T","?","M","R","?","M","R","BOSS","M","?","?","$","M","R","E","$","T","E","M","R","?","M","R","BOSS","M","M","?","?","?","R","E","M","T","$","M","?","E","M","R","BOSS"],"build_version":"2022-12-18","purchased_purges":2,"victory":true,"max_hp_per_floor":[79,79,79,79,79,79,79,79,79,79,79,79,79,79,79,79,79,79,79,79,79,79,79,79,79,79,79,79,79,79,79,79,79,79,79,79,79,79,79,79,79,79,79,79,79,79,79,79,79,79],"card_choices":[{"not_picked":["EmptyMind","CrushJoints"],"picked":"ClearTheMind","floor":1},{"not_picked":["EmptyBody","Vengeance"],"picked":"Consecrate","floor":2},{"not_picked":["Halt","CutThroughFate"],"picked":"Protect","floor":4},{"not_picked":["FlurryOfBlows","Halt"],"picked":"Pray","floor":5},{"not_picked":["Tantrum","CrushJoints"],"picked":"MasterReality","floor":7},{"not_picked":["SashWhip","ThirdEye"],"picked":"Protect","floor":8},{"not_picked":["CarveReality","Pray"],"picked":"Prostrate","floor":11},{"not_picked":["ThirdEye","JustLucky","Consecrate"],"picked":"SKIP","floor":14},{"not_picked":["LessonLearned","DevaForm"],"picked":"Devotion","floor":16},{"not_picked":["Tantrum","FollowUp","Vengeance"],"picked":"SKIP","floor":18},{"not_picked":["FlyingSleeves+1","EmptyBody"],"picked":"Sanctity+1","floor":22},{"not_picked":["InnerPeace","BowlingBash+1"],"picked":"ThirdEye+1","floor":24},{"not_picked":["FearNoEvil","Swivel"],"picked":"MentalFortress","floor":27},{"not_picked":["SashWhip+1","Halt"],"picked":"Pray+1","floor":28},{"not_picked":["SignatureMove+1","MasterReality","Evaluate"],"picked":"SKIP","floor":31},{"not_picked":["Devotion","DevaForm"],"picked":"Brilliance","floor":33},{"not_picked":["ReachHeaven+1","Tantrum","Sanctity"],"picked":"SKIP","floor":35},{"not_picked":["CutThroughFate+1","CrushJoints+1"],"picked":"Worship+1","floor":36},{"not_picked":["CrushJoints","SashWhip","CarveReality+1"],"picked":"SKIP","floor":39},{"not_picked":["Protect","Vengeance"],"picked":"InnerPeace+1","floor":41},{"not_picked":["Pray+1","SandsOfTime"],"picked":"MentalFortress+1","floor":42},{"not_picked":["Collect","Weave"],"picked":"Alpha","floor":45},{"not_picked":["Adaptation+1","BowlingBash"],"picked":"LikeWater","floor":46},{"not_picked":["SandsOfTime+1","Worship","TalkToTheHand+1"],"picked":"SKIP","floor":47},{"not_picked":["EmptyMind","Conclude+1","Sanctity+1"],"picked":"SKIP","floor":48}],"player_experience":149360,"relics_obtained":[{"floor":7,"key":"Incense Burner"},{"floor":9,"key":"Whetstone"},{"floor":24,"key":"MealTicket"},{"floor":26,"key":"Happy Flower"},{"floor":27,"key":"Sundial"},{"floor":43,"key":"Lantern"},{"floor":46,"key":"Peace Pipe"},{"floor":47,"key":"Ice Cream"}],"event_choices":[{"cards_removed":["Defend_P"],"damage_healed":0,"gold_gain":0,"player_choice":"Card Removal","damage_taken":7,"max_hp_gain":0,"max_hp_loss":0,"event_name":"Golden Wing","floor":3,"gold_loss":0},{"damage_healed":0,"gold_gain":75,"player_choice":"Gather Gold","damage_taken":11,"max_hp_gain":0,"max_hp_loss":0,"event_name":"World of Goop","floor":10,"gold_loss":0},{"damage_healed":0,"gold_gain":0,"player_choice":"Success","damage_taken":18,"relics_obtained":["HornCleat"],"max_hp_gain":0,"max_hp_loss":0,"event_name":"Scrap Ooze","floor":13,"gold_loss":0},{"damage_healed":0,"gold_gain":0,"cards_transformed":["Defend_P","Strike_P"],"player_choice":"Became Test Subject","damage_taken":0,"max_hp_gain":0,"max_hp_loss":0,"event_name":"Drug Dealer","floor":19,"gold_loss":0,"cards_obtained":["BattleHymn","Weave"]},{"cards_removed":["Consecrate"],"damage_healed":0,"gold_gain":0,"player_choice":"Elegance","damage_taken":0,"max_hp_gain":0,"max_hp_loss":0,"event_name":"Back to Basics","floor":20,"gold_loss":0},{"damage_healed":0,"gold_gain":0,"player_choice":"Ignored","damage_taken":0,"max_hp_gain":0,"max_hp_loss":0,"event_name":"The Mausoleum","floor":30,"gold_loss":0},{"cards_removed":["Strike_P"],"damage_healed":0,"gold_gain":0,"player_choice":"Removed Attack","damage_taken":0,"max_hp_gain":0,"max_hp_loss":0,"event_name":"Falling","floor":37,"gold_loss":0},{"damage_healed":0,"gold_gain":0,"player_choice":"Forge","damage_taken":0,"max_hp_gain":0,"max_hp_loss":0,"event_name":"Accursed Blacksmith","floor":38,"gold_loss":0,"cards_upgraded":["MasterReality"]},{"damage_healed":0,"gold_gain":0,"player_choice":"Fight","damage_taken":0,"max_hp_gain":0,"max_hp_loss":0,"event_name":"MindBloom","floor":46,"gold_loss":0}],"is_beta":false,"boss_relics":[{"not_picked":["Velvet Choker","Runic Dome"],"picked":"Empty Cage"},{"not_picked":["Runic Pyramid","Cursed Key"],"picked":"VioletLotus"}],"items_purged_floors":[21,44],"is_endless":false,"potions_floor_spawned":[1,7,11,24,27,28,33,39,42,46,47,48],"ascension_level":0}