{"gold_per_floor":[119,119,129,139,155,155,168,168,168,186,186,218,218,229,229,332,332,320,63,79,0,20,20,48,18,72,72,89,89,109,109,109,213,213,224,234,234,194,114,114,149,149,174,186,62,62,74,74,74,74],"floor_reached":51,"playtime":3143,"items_purged":["Strike_P","TalkToTheHand"],"score":1072,"play_id":"ae922bdf-5cd4-44bb-8670-38ed7bc73900","local_time":"20230808203344","is_ascension_mode":false,"campfire_choices":[{"data":"Pray","floor":6,"key":"SMITH"},{"data":"Prostrate","floor":8,"key":"SMITH"},{"data":"Ragnarok","floor":11,"key":"SMITH"},{"floor":15,"key":"REST"},{"data":"LikeWater","floor":23,"key":"SMITH"},{"data":"BattleHymn","floor":27,"key":"SMITH"},{"data":"MentalFortress","floor":29,"key":"SMITH"},{"floor":32,"key":"REST"},{"data":"Devotion","floor":40,"key":"SMITH"},{"data":"MentalFortress","floor":42,"key":"SMITH"},{"floor":49,"key":"REST"}],"neow_cost":"NONE","seed_source_timestamp":2009212908921600,"circlet_count":0,"master_deck":["Eruption","Vigilance","Ragnarok+1","FearNoEvil","Pray+1","Prostrate+1","Dark Shackles","Devotion","CurseOfTheBell","LikeWater+1","BattleHymn+1","Brilliance","Prostrate","ThirdEye","MentalFortress+1","Evaluate+1","Prostrate+1","Devotion+1","Adaptation","CutThroughFate","TalkToTheHand","MasterReality","Conclude","Omniscience","MentalFortress","MentalFortress+1","Evaluate","EmptyFist+1"],"special_seed":0,"relics":["PureWater","Unceasing Top","HornCleat","Mummified Hand","Calling Bell","Strawberry","Sundial","Incense Burner","The Courier","Regal Pillow","Pandora\u0027s Box","Pear","Eternal Feather","Bag of Preparation","Juzu Bracelet"],"potions_floor_usage":[5,41,41,41,41,50],"damage_taken":[{"damage":0,"enemies":"Small Slimes","floor":1,"turns":2},{"damage":0,"enemies":"Cultist","floor":3,"turns":4},{"damage":0,"enemies":"2 Louse","floor":4,"turns":2},{"damage":9,"enemies":"Gremlin Gang","floor":5,"turns":4},{"damage":28,"enemies":"Exordium Wildlife","floor":7,"turns":6},{"damage":8,"enemies":"Red Slaver","floor":10,"turns":4},{"damage":8,"enemies":"Lagavulin","floor":12,"turns":4},{"damage":0,"enemies":"Large Slime","floor":14,"turns":6},{"damage":0,"enemies":"Slime Boss","floor":16,"turns":5},{"damage":3,"enemies":"2 Thieves","floor":18,"turns":4},{"damage":0,"enemies":"Spheric Guardian","floor":20,"turns":3},{"damage":7,"enemies":"Snecko","floor":22,"turns":5},{"damage":25,"enemies":"Book of Stabbing","floor":24,"turns":7},{"damage":10,"enemies":"Shelled Parasite and Fungi","floor":28,"turns":3},{"damage":3,"enemies":"Centurion and Healer","floor":30,"turns":3},{"damage":0,"enemies":"Automaton","floor":33,"turns":6},{"damage":24,"enemies":"3 Darklings","floor":35,"turns":5},{"damage":5,"enemies":"Orb Walker","floor":36,"turns":3},{"damage":30,"enemies":"Reptomancer","floor":41,"turns":4},{"damage":19,"enemies":"3 Darklings","floor":44,"turns":5},{"damage":1,"enemies":"Maw","floor":47,"turns":5},{"damage":0,"enemies":"Time Eater","floor":50,"turns":6}],"seed_played":"-6703223840926485580","potions_obtained":[{"floor":1,"key":"Explosive Potion"},{"floor":10,"key":"LiquidBronze"},{"floor":14,"key":"Explosive Potion"},{"floor":16,"key":"AttackPotion"},{"floor":22,"key":"BottledMiracle"},{"floor":28,"key":"BottledMiracle"},{"floor":38,"key":"Ancient Potion"},{"floor":38,"key":"Fire Potion"},{"floor":38,"key":"EntropicBrew"},{"floor":41,"key":"Dexterity Potion"},{"floor":44,"key":"Swift Potion"}],"is_trial":false,"path_per_floor":["M","?","M","M","M","R","M","R","T","M","R","E","?","M","R","B",null,"M","$","M","?","M","R","E","$","T","R","M","R","M","?","R","B",null,"M","M","T","?","$","R","E","R","T","M","$","?","M","?","R","B",null],"character_chosen":"WATCHER","items_purchased":["BattleHymn","Brilliance","Prostrate","MentalFortress","Juzu Bracelet"],"campfire_rested":3,"item_purchase_floors":[19,19,19,25,45],"current_hp_per_floor":[72,72,72,72,63,63,35,35,35,27,27,19,19,19,40,40,79,76,76,76,76,69,69,44,44,44,44,34,34,31,31,69,69,79,55,50,60,60,60,60,30,45,45,26,26,26,25,25,80,80],"gold":74,"neow_bonus":"ONE_RANDOM_RARE_CARD","is_prod":false,"is_daily":false,"chose_seed":false,"campfire_upgraded":8,"win_rate":0,"timestamp":1691552024,"path_taken":["M","?","?","M","?","R","M","R","T","M","R","E","?","M","R","BOSS","M","$","?","?","M","R","E","?","T","R","M","R","?","?","R","BOSS","M","M","?","?","$","R","E","R","T","?","$","?","M","?","R","BOSS"],"build_version":"2022-12-18","purchased_purges":2,"victory":true,"max_hp_per_floor":[72,72,72,72,72,72,72,72,72,72,72,72,72,72,72,72,79,79,79,79,79,79,79,79,79,79,79,79,79,79,79,79,79,79,79,79,89,89,89,89,89,89,89,89,89,89,89,85,85,85],"card_choices":[{"not_picked":["Crescendo","Halt"],"picked":"SashWhip","floor":1},{"not_picked":["JustLucky","Crescendo"],"picked":"FearNoEvil","floor":3},{"not_picked":["Conclude","EmptyBody"],"picked":"ClearTheMind","floor":4},{"not_picked":["Halt","CrushJoints"],"picked":"Pray","floor":5},{"not_picked":["JustLucky","Nirvana"],"picked":"Prostrate","floor":7},{"not_picked":["EmptyMind","Nirvana","FollowUp"],"picked":"SKIP","floor":10},{"not_picked":["CarveReality","FlyingSleeves","FlurryOfBlows"],"picked":"SKIP","floor":12},{"not_picked":["ReachHeaven","Indignation","Halt"],"picked":"SKIP","floor":14},{"not_picked":["Scrawl","ConjureBlade"],"picked":"Devotion","floor":16},{"not_picked":["ClearTheMind","Evaluate+1"],"picked":"LikeWater","floor":18},{"not_picked":["EmptyFist","SashWhip","BowlingBash"],"picked":"SKIP","floor":20},{"not_picked":["Collect","BowlingBash","FollowUp+1"],"picked":"SKIP","floor":22},{"not_picked":["Halt","WreathOfFlame+1"],"picked":"ThirdEye","floor":24},{"not_picked":["EmptyBody","ClearTheMind+1"],"picked":"Evaluate+1","floor":28},{"not_picked":["SashWhip","ForeignInfluence","Vengeance"],"picked":"SKIP","floor":30},{"not_picked":["Scrawl","DevaForm"],"picked":"Devotion","floor":33},{"not_picked":["Consecrate","FlyingSleeves","Fasting2+1"],"picked":"SKIP","floor":35},{"not_picked":["SandsOfTime","EmptyBody"],"picked":"MentalFortress","floor":36},{"not_picked":["SashWhip","FlyingSleeves+1"],"picked":"MentalFortress","floor":41},{"not_picked":["Study","FollowUp"],"picked":"Evaluate","floor":44},{"not_picked":["FlurryOfBlows","WindmillStrike"],"picked":"EmptyFist+1","floor":47}],"player_experience":167527,"relics_obtained":[{"floor":9,"key":"HornCleat"},{"floor":12,"key":"Mummified Hand"},{"floor":17,"key":"Strawberry"},{"floor":17,"key":"Sundial"},{"floor":17,"key":"Incense Burner"},{"floor":24,"key":"The Courier"},{"floor":26,"key":"Regal Pillow"},{"floor":37,"key":"Pear"},{"floor":41,"key":"Eternal Feather"},{"floor":43,"key":"Bag of Preparation"}],"event_choices":[{"cards_removed":["SashWhip"],"damage_healed":0,"gold_gain":0,"player_choice":"Gave Card","damage_taken":0,"relics_obtained":["Unceasing Top"],"max_hp_gain":0,"max_hp_loss":0,"event_name":"WeMeetAgain","floor":2,"gold_loss":0},{"damage_healed":0,"gold_gain":0,"player_choice":"1 cards matched","damage_taken":0,"max_hp_gain":0,"max_hp_loss":0,"event_name":"Match and Keep!","floor":13,"gold_loss":0,"cards_obtained":["Dark Shackles"]},{"damage_healed":0,"gold_gain":0,"player_choice":"Paid Fearfully","damage_taken":0,"max_hp_gain":0,"max_hp_loss":0,"event_name":"Masked Bandits","floor":21,"gold_loss":79},{"damage_healed":0,"gold_gain":0,"player_choice":"Copied","damage_taken":0,"max_hp_gain":0,"max_hp_loss":0,"event_name":"Duplicator","floor":31,"gold_loss":0,"cards_obtained":["Prostrate"]},{"damage_healed":0,"gold_gain":0,"player_choice":"Bought 3 Potions","damage_taken":0,"max_hp_gain":0,"max_hp_loss":0,"event_name":"The Woman in Blue","floor":38,"gold_loss":0},{"cards_removed":["ClearTheMind"],"damage_healed":0,"gold_gain":0,"player_choice":"Removed Skill","damage_taken":0,"max_hp_gain":0,"max_hp_loss":0,"event_name":"Falling","floor":46,"gold_loss":0},{"damage_healed":0,"gold_gain":0,"player_choice":"Max HP","damage_taken":0,"max_hp_gain":0,"max_hp_loss":4,"event_name":"Winding Halls","floor":48,"gold_loss":0}],"is_beta":false,"boss_relics":[{"not_picked":["Cursed Key","SacredBark"],"picked":"Calling Bell"},{"not_picked":["Busted Crown","Fusion Hammer"],"picked":"Pandora\u0027s Box"}],"items_purged_floors":[19,39],"is_endless":false,"potions_floor_spawned":[1,10,14,16,22,28,30,41,44],"ascension_level":0}