{"gold_per_floor":[109,120,139,129,58,69,69,89,138,138,150,150,160,179,179,277,277,291,291,308,308,328,345,364,364,389,414,429,429,457,467,467,566,566,577,591,607,607,625,625,644,644,720,753,197,213,241,253,253,253],"floor_reached":51,"playtime":6128,"items_purged":["Ragnarok"],"score":776,"play_id":"852d0507-498e-41bb-94c4-170038069ef7","local_time":"20230806202151","is_ascension_mode":false,"campfire_choices":[{"data":"DeceiveReality","floor":7,"key":"SMITH"},{"floor":10,"key":"REST"},{"data":"BattleHymn","floor":15,"key":"SMITH"},{"data":"Protect","floor":25,"key":"SMITH"},{"floor":29,"key":"REST"},{"data":"MasterReality","floor":32,"key":"SMITH"},{"floor":40,"key":"REST"},{"data":"WaveOfTheHand","floor":42,"key":"SMITH"},{"floor":49,"key":"REST"}],"neow_cost":"NONE","seed_source_timestamp":1832723565961900,"circlet_count":0,"master_deck":["Eruption","Vigilance","Protect+1","Pray","Prostrate","DeceiveReality+1","BattleHymn+1","Protect","WaveOfTheHand+1","Prostrate","Worship","MasterReality+1","Prostrate","Pray","EmptyMind+1","Brilliance","Wallop+1","Adaptation+1","Prostrate+1","ClearTheMind+1","Indignation","Prostrate+1","WaveOfTheHand+1"],"relics":["PureWater","Omamori","Pandora\u0027s Box","Bag of Preparation","Bottled Tornado","Eternal Feather","Astrolabe","The Courier","Orichalcum","Nunchaku","Mango","ClockworkSouvenir","Centennial Puzzle"],"potions_floor_usage":[47,50,50,50],"damage_taken":[{"damage":0,"enemies":"Cultist","floor":1,"turns":6},{"damage":2,"enemies":"Jaw Worm","floor":2,"turns":7},{"damage":0,"enemies":"2 Louse","floor":3,"turns":3},{"damage":3,"enemies":"Exordium Thugs","floor":4,"turns":5},{"damage":48,"enemies":"Gremlin Gang","floor":6,"turns":7},{"damage":0,"enemies":"Exordium Wildlife","floor":8,"turns":5},{"damage":0,"enemies":"Red Slaver","floor":11,"turns":4},{"damage":0,"enemies":"Blue Slaver","floor":13,"turns":5},{"damage":1,"enemies":"Exordium Wildlife","floor":14,"turns":4},{"damage":24,"enemies":"The Guardian","floor":16,"turns":9},{"damage":4,"enemies":"2 Thieves","floor":18,"turns":4},{"damage":2,"enemies":"Chosen","floor":20,"turns":5},{"damage":3,"enemies":"Centurion and Healer","floor":22,"turns":5},{"damage":6,"enemies":"Snake Plant","floor":23,"turns":4},{"damage":21,"enemies":"Shelled Parasite and Fungi","floor":24,"turns":5},{"damage":20,"enemies":"Gremlin Leader","floor":27,"turns":4},{"damage":0,"enemies":"3 Cultists","floor":28,"turns":5},{"damage":0,"enemies":"Book of Stabbing","floor":30,"turns":5},{"damage":1,"enemies":"Sentry and Sphere","floor":31,"turns":6},{"damage":7,"enemies":"Champ","floor":33,"turns":8},{"damage":5,"enemies":"3 Darklings","floor":35,"turns":5},{"damage":0,"enemies":"Orb Walker","floor":36,"turns":3},{"damage":17,"enemies":"Sphere and 2 Shapes","floor":37,"turns":5},{"damage":48,"enemies":"Transient","floor":39,"turns":5},{"damage":1,"enemies":"Spire Growth","floor":41,"turns":4},{"damage":2,"enemies":"Giant Head","floor":44,"turns":8},{"damage":0,"enemies":"3 Darklings","floor":46,"turns":7},{"damage":43,"enemies":"Reptomancer","floor":47,"turns":6},{"damage":0,"enemies":"Jaw Worm Horde","floor":48,"turns":4},{"damage":17,"enemies":"Awakened One","floor":50,"turns":8}],"seed_played":"9107097988311020855","potions_obtained":[{"floor":1,"key":"Ancient Potion"},{"floor":8,"key":"SkillPotion"},{"floor":11,"key":"PowerPotion"},{"floor":13,"key":"Dexterity Potion"},{"floor":18,"key":"DuplicationPotion"},{"floor":27,"key":"BlessingOfTheForge"},{"floor":47,"key":"LiquidMemories"}],"is_trial":false,"path_per_floor":["M","M","M","M","$","M","R","M","T","R","M","?","M","M","R","B",null,"M","?","M","?","M","M","M","R","T","E","M","R","E","M","R","B",null,"M","M","M","?","M","R","M","R","T","E","$","M","E","M","R","B",null],"character_chosen":"WATCHER","items_purchased":["BattleHymn","Nunchaku","Mango","ClockworkSouvenir"],"campfire_rested":4,"item_purchase_floors":[5,45,45,45],"current_hp_per_floor":[72,70,70,67,67,19,19,19,19,40,40,40,40,39,39,15,72,68,68,66,66,63,57,36,36,36,16,16,37,37,36,48,41,72,67,67,50,50,2,35,34,46,46,44,58,58,15,15,52,35],"gold":253,"neow_bonus":"TRANSFORM_CARD","is_prod":false,"is_daily":false,"chose_seed":false,"campfire_upgraded":5,"win_rate":0,"timestamp":1691378511,"path_taken":["M","M","M","M","$","M","R","?","T","R","M","?","M","M","R","BOSS","M","?","M","?","?","M","M","R","T","E","?","R","E","M","R","BOSS","M","M","M","?","?","R","M","R","T","E","$","M","E","M","R","BOSS"],"build_version":"2022-12-18","purchased_purges":1,"victory":true,"max_hp_per_floor":[72,72,72,72,72,72,72,72,72,72,72,72,72,72,72,72,72,72,72,72,72,72,72,72,72,72,72,72,72,72,72,72,72,72,72,72,72,72,72,72,72,72,72,72,86,86,86,86,86,86],"card_choices":[{"not_picked":["Consecrate","ThirdEye"],"picked":"Pray","floor":1},{"not_picked":["ClearTheMind","SashWhip"],"picked":"Prostrate","floor":2},{"not_picked":["Sanctity","JustLucky"],"picked":"DeceiveReality","floor":3},{"not_picked":["EmptyFist","Evaluate","Conclude"],"picked":"SKIP","floor":4},{"not_picked":["Indignation","PathToVictory"],"picked":"Protect","floor":6},{"not_picked":["FlyingSleeves","FearNoEvil"],"picked":"WaveOfTheHand","floor":8},{"not_picked":["PathToVictory","BowlingBash","SignatureMove"],"picked":"SKIP","floor":11},{"not_picked":["EmptyFist","ReachHeaven"],"picked":"Prostrate","floor":13},{"not_picked":["ReachHeaven","PathToVictory"],"picked":"Worship","floor":14},{"not_picked":["ConjureBlade","LessonLearned"],"picked":"MasterReality","floor":16},{"not_picked":["FlyingSleeves+1","TalkToTheHand","JustLucky"],"picked":"SKIP","floor":18},{"not_picked":["JustLucky","Indignation","EmptyFist"],"picked":"SKIP","floor":20},{"not_picked":["Worship","EmptyFist"],"picked":"EmptyMind+1","floor":22},{"not_picked":["EmptyMind","FollowUp","TalkToTheHand"],"picked":"SKIP","floor":23},{"not_picked":["DevaForm","EmptyMind+1","SandsOfTime"],"picked":"SKIP","floor":24},{"not_picked":["SashWhip","JustLucky","Indignation+1"],"picked":"SKIP","floor":27},{"not_picked":["Tantrum","Pray","Consecrate"],"picked":"SKIP","floor":28},{"not_picked":["EmptyFist","ConjureBlade","PathToVictory"],"picked":"SKIP","floor":30},{"not_picked":["JustLucky+1","BowlingBash","Adaptation"],"picked":"SKIP","floor":31},{"not_picked":["DeusExMachina","LessonLearned"],"picked":"Brilliance","floor":33},{"not_picked":["Protect","FlyingSleeves+1","Consecrate+1"],"picked":"SKIP","floor":35},{"not_picked":["SandsOfTime","TalkToTheHand","JustLucky+1"],"picked":"SKIP","floor":36},{"not_picked":["PathToVictory","Vault"],"picked":"ClearTheMind+1","floor":37},{"not_picked":["Indignation+1","Protect+1","Halt"],"picked":"SKIP","floor":39},{"not_picked":["CrushJoints","Crescendo"],"picked":"Prostrate+1","floor":41},{"not_picked":["ThirdEye","DeceiveReality"],"picked":"WaveOfTheHand+1","floor":44},{"not_picked":["InnerPeace","SignatureMove","Weave"],"picked":"SKIP","floor":46},{"not_picked":["Vault","DeceiveReality","Pray"],"picked":"SKIP","floor":47},{"not_picked":["Perseverance","Prostrate","EmptyBody"],"picked":"SKIP","floor":48}],"player_experience":130072,"relics_obtained":[{"floor":9,"key":"Omamori"},{"floor":26,"key":"Bag of Preparation"},{"floor":27,"key":"Bottled Tornado"},{"floor":30,"key":"Eternal Feather"},{"floor":43,"key":"The Courier"},{"floor":44,"key":"Orichalcum"},{"floor":47,"key":"Centennial Puzzle"}],"event_choices":[{"damage_healed":0,"gold_gain":0,"player_choice":"Ignored","damage_taken":0,"max_hp_gain":0,"max_hp_loss":0,"event_name":"NoteForYourself","floor":12,"gold_loss":0},{"damage_healed":0,"gold_gain":0,"cards_transformed":["Vault","WreathOfFlame"],"player_choice":"Became Test Subject","damage_taken":0,"max_hp_gain":0,"max_hp_loss":0,"event_name":"Drug Dealer","floor":19,"gold_loss":0,"cards_obtained":["FollowUp","Pray"]},{"damage_healed":0,"gold_gain":0,"player_choice":"Ignored","damage_taken":0,"max_hp_gain":0,"max_hp_loss":0,"event_name":"Vampires","floor":21,"gold_loss":0},{"damage_healed":0,"gold_gain":0,"cards_transformed":["Study"],"player_choice":"Transformed","damage_taken":0,"max_hp_gain":0,"max_hp_loss":0,"event_name":"Transmorgrifier","floor":38,"gold_loss":0,"cards_obtained":["Indignation"]}],"is_beta":false,"boss_relics":[{"not_picked":["Velvet Choker","Tiny House"],"picked":"Pandora\u0027s Box"},{"not_picked":["Cursed Key","Runic Pyramid"],"picked":"Astrolabe"}],"items_purged_floors":[45],"is_endless":false,"potions_floor_spawned":[1,8,11,13,18,27,28,31,41,44,46,47],"ascension_level":0}