{"gold_per_floor":[116,116,131,131,149,149,180,180,180,205,224,14,14,63,75,215,227,272,307,93,93,27,27,51,51,51,67,92,106,133,181,181,310,310,334,352,352,375,413,3,3,3,29,81,81,125,125,0,0,0],"floor_reached":51,"playtime":5386,"items_purged":["Defend_P","Parasite","Strike_P"],"score":710,"play_id":"99f70ddf-ec8b-4cad-a4ca-6bd5997b0f26","local_time":"20230810200643","is_ascension_mode":false,"campfire_choices":[{"data":"JustLucky","floor":6,"key":"SMITH"},{"data":"Protect","floor":8,"key":"SMITH"},{"floor":15,"key":"REST"},{"data":"Devotion","floor":23,"key":"SMITH"},{"data":"BattleHymn","floor":25,"key":"SMITH"},{"data":"ThirdEye","floor":32,"key":"SMITH"},{"data":"LikeWater","floor":42,"key":"SMITH"},{"data":"Dark Shackles","floor":45,"key":"SMITH"},{"data":"Dark Shackles","floor":47,"key":"SMITH"},{"data":"JustLucky","floor":49,"key":"SMITH"}],"neow_cost":"NONE","seed_source_timestamp":149018527790700,"circlet_count":0,"master_deck":["Strike_P","Strike_P","Defend_P","Defend_P","Eruption","Vigilance+1","Protect+1","JustLucky+1","Collect","JustLucky+1","DevaForm","EmptyFist","Devotion+1","EmptyFist+1","Bandage Up","Protect+1","BattleHymn+1","EmptyBody+1","Nirvana","ThirdEye+1","JustLucky+1","DeusExMachina","Dark Shackles+1","Dark Shackles+1","Worship","WheelKick+1","LikeWater+1","MentalFortress+1","MentalFortress+1"],"relics":["HolyWater","Golden Idol","Pocketwatch","Mango","CeramicFish","MawBank","SlaversCollar","DollysMirror","HornCleat","PreservedInsect","Bottled Flame","Pantograph","Blood Vial","Unceasing Top","Singing Bowl"],"potions_floor_usage":[7,14,19,31,33,33,33,50],"damage_taken":[{"damage":0,"enemies":"2 Louse","floor":1,"turns":3},{"damage":0,"enemies":"Small Slimes","floor":3,"turns":4},{"damage":0,"enemies":"Jaw Worm","floor":5,"turns":3},{"damage":20,"enemies":"3 Sentries","floor":7,"turns":12},{"damage":0,"enemies":"Gremlin Gang","floor":10,"turns":5},{"damage":0,"enemies":"Lots of Slimes","floor":11,"turns":3},{"damage":7,"enemies":"Gremlin Nob","floor":14,"turns":3},{"damage":21,"enemies":"Slime Boss","floor":16,"turns":14},{"damage":11,"enemies":"Shell Parasite","floor":18,"turns":7},{"damage":20,"enemies":"2 Thieves","floor":19,"turns":3},{"damage":0,"enemies":"Snecko","floor":24,"turns":5},{"damage":2,"enemies":"3 Cultists","floor":27,"turns":5},{"damage":18,"enemies":"Centurion and Healer","floor":28,"turns":5},{"damage":2,"enemies":"Snecko","floor":29,"turns":5},{"damage":9,"enemies":"Cultist and Chosen","floor":30,"turns":6},{"damage":18,"enemies":"Book of Stabbing","floor":31,"turns":6},{"damage":5,"enemies":"Collector","floor":33,"turns":9},{"damage":1,"enemies":"3 Shapes","floor":35,"turns":8},{"damage":5,"enemies":"Orb Walker","floor":38,"turns":4},{"damage":0,"enemies":"Writhing Mass","floor":39,"turns":8},{"damage":6,"enemies":"Reptomancer","floor":44,"turns":6},{"damage":18,"enemies":"Nemesis","floor":46,"turns":7},{"damage":55,"enemies":"Awakened One","floor":50,"turns":14}],"seed_played":"1421229635867628961","potions_obtained":[{"floor":3,"key":"Fire Potion"},{"floor":10,"key":"EssenceOfSteel"},{"floor":14,"key":"SkillPotion"},{"floor":24,"key":"BottledMiracle"},{"floor":28,"key":"BottledMiracle"},{"floor":30,"key":"Weak Potion"},{"floor":31,"key":"Strength Potion"},{"floor":38,"key":"FearPotion"},{"floor":46,"key":"Fire Potion"}],"is_trial":false,"path_per_floor":["M","?","M","?","M","R","E","R","T","M","M","$","?","E","R","B",null,"M","M","$","?","$","R","M","R","T","M","M","M","M","E","R","B",null,"M","?","?","M","M","$","T","R","T","E","R","E","R","$","R","B",null],"character_chosen":"WATCHER","items_purchased":["DevaForm","Bandage Up","DollysMirror","BattleHymn","LikeWater","Bottled Flame"],"campfire_rested":1,"item_purchase_floors":[12,20,20,22,40,40],"current_hp_per_floor":[72,65,65,47,47,47,27,27,41,41,41,41,16,9,34,13,86,75,55,55,55,55,55,55,55,55,57,43,41,36,22,22,21,86,86,76,76,71,75,75,75,75,75,75,75,63,63,63,63,32],"gold":0,"neow_bonus":"UPGRADE_CARD","is_prod":false,"is_daily":false,"chose_seed":false,"campfire_upgraded":9,"win_rate":0,"timestamp":1691723203,"path_taken":["M","?","M","?","M","R","E","R","T","M","M","$","?","E","R","BOSS","M","M","$","?","$","R","M","R","T","M","?","?","M","E","R","BOSS","M","?","?","M","M","$","?","R","T","E","R","E","R","$","R","BOSS"],"build_version":"2022-12-18","purchased_purges":3,"victory":true,"max_hp_per_floor":[72,72,72,72,72,72,72,72,86,86,86,86,86,86,86,86,86,86,86,86,86,86,86,86,86,86,86,86,86,86,86,86,86,86,86,86,86,86,86,83,83,83,83,83,83,83,83,83,83,83],"card_choices":[{"not_picked":["FollowUp","Evaluate"],"picked":"Protect","floor":1},{"not_picked":["Protect","EmptyBody"],"picked":"JustLucky","floor":3},{"not_picked":["FlyingSleeves","PathToVictory","SashWhip"],"picked":"SKIP","floor":5},{"not_picked":["EmptyBody","Perseverance"],"picked":"Collect","floor":7},{"not_picked":["WaveOfTheHand","ClearTheMind"],"picked":"JustLucky","floor":10},{"not_picked":["Crescendo","JustLucky","FlurryOfBlows"],"picked":"SKIP","floor":11},{"not_picked":["WaveOfTheHand","DevaForm"],"picked":"EmptyFist","floor":14},{"not_picked":["Wish","DeusExMachina"],"picked":"Devotion","floor":16},{"not_picked":["CrushJoints","ClearTheMind+1"],"picked":"EmptyFist+1","floor":18},{"not_picked":["EmptyFist","WreathOfFlame+1","PathToVictory+1"],"picked":"SKIP","floor":19},{"not_picked":["Evaluate","JustLucky"],"picked":"EmptyBody+1","floor":24},{"not_picked":["ThirdEye","Crescendo","Halt"],"picked":"SKIP","floor":27},{"not_picked":["FollowUp","ConjureBlade"],"picked":"Nirvana","floor":28},{"not_picked":["Evaluate","CutThroughFate+1","PathToVictory+1"],"picked":"SKIP","floor":29},{"not_picked":["SandsOfTime","Study"],"picked":"ThirdEye","floor":30},{"not_picked":["Collect+1","BowlingBash"],"picked":"JustLucky+1","floor":31},{"not_picked":["DevaForm","ConjureBlade"],"picked":"DeusExMachina","floor":33},{"not_picked":["Evaluate","Indignation","BowlingBash"],"picked":"SKIP","floor":35},{"not_picked":["Sadistic Nature","Discovery"],"picked":"Dark Shackles","floor":36},{"not_picked":["Purity","Mayhem"],"picked":"Dark Shackles","floor":36},{"not_picked":["ThirdEye","Tantrum"],"picked":"Worship","floor":38},{"not_picked":["CrushJoints+1","FollowUp"],"picked":"WheelKick+1","floor":39},{"not_picked":["Consecrate+1","Fasting2+1"],"picked":"MentalFortress+1","floor":44},{"not_picked":["SignatureMove+1","ClearTheMind+1"],"picked":"MentalFortress+1","floor":46}],"player_experience":184078,"relics_obtained":[{"floor":7,"key":"Pocketwatch"},{"floor":9,"key":"Mango"},{"floor":14,"key":"MawBank"},{"floor":26,"key":"HornCleat"},{"floor":31,"key":"PreservedInsect"},{"floor":41,"key":"Pantograph"},{"floor":43,"key":"Blood Vial"},{"floor":44,"key":"Unceasing Top"},{"floor":46,"key":"Singing Bowl"}],"event_choices":[{"cards_removed":["Defend_P"],"damage_healed":0,"gold_gain":0,"player_choice":"Card Removal","damage_taken":7,"max_hp_gain":0,"max_hp_loss":0,"event_name":"Golden Wing","floor":2,"gold_loss":0},{"damage_healed":0,"gold_gain":0,"player_choice":"Take Damage","damage_taken":18,"relics_obtained":["Golden Idol"],"max_hp_gain":0,"max_hp_loss":0,"event_name":"Golden Idol","floor":4,"gold_loss":0},{"damage_healed":0,"gold_gain":0,"player_choice":"Success","damage_taken":25,"relics_obtained":["CeramicFish"],"max_hp_gain":0,"max_hp_loss":0,"event_name":"Scrap Ooze","floor":13,"gold_loss":0},{"damage_healed":0,"gold_gain":0,"player_choice":"Ignored","damage_taken":0,"max_hp_gain":0,"max_hp_loss":0,"event_name":"NoteForYourself","floor":21,"gold_loss":0},{"damage_healed":0,"gold_gain":0,"player_choice":"Memory 3","damage_taken":10,"max_hp_gain":0,"max_hp_loss":0,"event_name":"SensoryStone","floor":36,"gold_loss":0},{"cards_removed":["Strike_P"],"damage_healed":0,"gold_gain":0,"player_choice":"Removed Attack","damage_taken":0,"max_hp_gain":0,"max_hp_loss":0,"event_name":"Falling","floor":37,"gold_loss":0}],"is_beta":false,"boss_relics":[{"not_picked":["Runic Dome","Busted Crown"],"picked":"SlaversCollar"},{"not_picked":["Velvet Choker","Empty Cage"],"picked":"HolyWater"}],"items_purged_floors":[12,40,48],"is_endless":false,"potions_floor_spawned":[3,10,14,24,28,30,31,38,46],"ascension_level":0}