{"gold_per_floor":[111,186,204,23,37,37,62,62,62,32,46,46,65,93,93,192,192,180,198,198,216,216,216,247,266,292,292,307,110,110,120,120,217,217,237,237,252,49,66,100,100,113,163,163,0,14,14,14,14,14],"floor_reached":51,"playtime":5007,"items_purged":["Strike_P+1","Strike_P+1"],"score":782,"play_id":"03049649-f1f4-4e41-bcc3-903daace064e","local_time":"20230813010139","is_ascension_mode":false,"campfire_choices":[{"data":"Devotion","floor":6,"key":"SMITH"},{"data":"LikeWater","floor":8,"key":"SMITH"},{"data":"Protect","floor":12,"key":"SMITH"},{"data":"Protect","floor":15,"key":"SMITH"},{"floor":23,"key":"REST"},{"floor":27,"key":"REST"},{"floor":32,"key":"DIG"},{"floor":41,"key":"DIG"},{"floor":44,"key":"DIG"},{"floor":49,"key":"REST"}],"neow_cost":"NONE","seed_source_timestamp":339818746587600,"circlet_count":0,"master_deck":["Defend_P+1","Defend_P+1","Defend_P+1","Defend_P+1","Eruption+1","Vigilance+1","Consecrate+1","LikeWater+1","LikeWater","Devotion+1","LikeWater+1","LessonLearned+1","ClearTheMind+1","Protect+1","Protect+1","Brilliance+1","ClearTheMind+1","ConjureBlade","WheelKick+1","Worship+1","WindmillStrike+1","ClearTheMind","LikeWater","Brilliance","Pray+1","Evaluate+1","Parasite","WaveOfTheHand+1","InnerPeace+1"],"relics":["PureWater","Orrery","The Courier","Darkstone Periapt","Shovel","SacredBark","Regal Pillow","Art of War","Nunchaku","Singing Bowl","Lantern","Philosopher\u0027s Stone","Anchor","Juzu Bracelet","Blood Vial","Bronze Scales","Meat on the Bone","Red Mask"],"potions_floor_usage":[5,24,39,40,42,50],"damage_taken":[{"damage":0,"enemies":"Jaw Worm","floor":1,"turns":2},{"damage":0,"enemies":"2 Louse","floor":3,"turns":2},{"damage":5,"enemies":"Small Slimes","floor":5,"turns":5},{"damage":0,"enemies":"Lagavulin","floor":7,"turns":8},{"damage":0,"enemies":"Looter","floor":10,"turns":4},{"damage":10,"enemies":"Exordium Thugs","floor":11,"turns":10},{"damage":10,"enemies":"Lots of Slimes","floor":13,"turns":4},{"damage":5,"enemies":"3 Sentries","floor":14,"turns":8},{"damage":13,"enemies":"The Guardian","floor":16,"turns":15},{"damage":40,"enemies":"2 Thieves","floor":18,"turns":5},{"damage":0,"enemies":"Shell Parasite","floor":19,"turns":12},{"damage":8,"enemies":"Cultist and Chosen","floor":21,"turns":11},{"damage":26,"enemies":"Slavers","floor":24,"turns":14},{"damage":0,"enemies":"Centurion and Healer","floor":25,"turns":6},{"damage":0,"enemies":"Snake Plant","floor":28,"turns":7},{"damage":8,"enemies":"Cultist and Chosen","floor":31,"turns":10},{"damage":11,"enemies":"Champ","floor":33,"turns":12},{"damage":0,"enemies":"3 Shapes","floor":35,"turns":6},{"damage":22,"enemies":"3 Darklings","floor":37,"turns":7},{"damage":13,"enemies":"4 Shapes","floor":39,"turns":9},{"damage":0,"enemies":"Giant Head","floor":40,"turns":7},{"damage":6,"enemies":"Writhing Mass","floor":42,"turns":7},{"damage":13,"enemies":"Transient","floor":46,"turns":5},{"damage":19,"enemies":"Awakened One","floor":50,"turns":10}],"seed_played":"3308523150143125879","potions_obtained":[{"floor":3,"key":"SteroidPotion"},{"floor":11,"key":"BlessingOfTheForge"},{"floor":14,"key":"Energy Potion"},{"floor":18,"key":"BottledMiracle"},{"floor":28,"key":"LiquidMemories"},{"floor":33,"key":"Strength Potion"},{"floor":39,"key":"Swift Potion"},{"floor":46,"key":"LiquidMemories"}],"is_trial":false,"path_per_floor":["M","?","M","$","M","R","E","R","T","M","M","R","M","E","R","B",null,"M","M","?","M","?","R","E","M","T","R","M","$","T","M","R","B",null,"M","?","M","$","M","E","R","M","T","R","?","M","?","?","R","B",null],"character_chosen":"WATCHER","items_purchased":["LikeWater","Orrery","Nunchaku","ClearTheMind","Anchor"],"campfire_rested":3,"item_purchase_floors":[4,4,29,29,38],"current_hp_per_floor":[79,68,68,68,63,63,63,63,63,63,53,53,43,38,38,25,79,39,39,39,31,31,54,28,28,28,66,66,66,66,58,58,47,79,79,81,61,61,48,50,50,52,52,52,52,53,53,53,91,72],"gold":14,"neow_bonus":"TEN_PERCENT_HP_BONUS","is_prod":false,"is_daily":false,"chose_seed":false,"campfire_upgraded":4,"win_rate":0,"timestamp":1691913699,"path_taken":["M","?","M","$","M","R","E","R","T","M","M","R","M","E","R","BOSS","M","M","?","M","?","R","E","M","T","R","M","?","?","M","R","BOSS","M","?","M","$","M","E","R","M","T","R","?","M","?","?","R","BOSS"],"build_version":"2022-12-18","purchased_purges":2,"victory":true,"max_hp_per_floor":[79,79,79,79,79,79,79,79,79,79,79,79,79,79,79,79,79,79,79,79,79,79,79,79,79,79,79,79,79,79,79,79,79,79,79,81,83,83,83,85,85,91,91,91,91,91,91,91,91,91],"card_choices":[{"not_picked":["CrushJoints","FollowUp"],"picked":"Consecrate","floor":1},{"not_picked":["SandsOfTime","Halt","Crescendo"],"picked":"SKIP","floor":3},{"not_picked":["EmptyFist","EmptyBody"],"picked":"LikeWater","floor":4},{"not_picked":["ReachHeaven","WheelKick"],"picked":"Devotion","floor":4},{"not_picked":["JustLucky","BowlingBash"],"picked":"MentalFortress","floor":4},{"not_picked":["FlyingSleeves","Crescendo"],"picked":"LikeWater","floor":5},{"not_picked":["ForeignInfluence","CarveReality"],"picked":"LessonLearned","floor":7},{"not_picked":["PathToVictory","WindmillStrike"],"picked":"ClearTheMind","floor":10},{"not_picked":["Swivel","BowlingBash"],"picked":"Protect","floor":11},{"not_picked":["WreathOfFlame","BowlingBash","Evaluate"],"picked":"SKIP","floor":13},{"not_picked":["SashWhip","FlyingSleeves"],"picked":"Protect","floor":14},{"not_picked":["Wish","ConjureBlade"],"picked":"Brilliance","floor":16},{"not_picked":["CutThroughFate","ReachHeaven"],"picked":"ClearTheMind+1","floor":18},{"not_picked":["DeceiveReality","Wallop+1","Weave"],"picked":"SKIP","floor":19},{"not_picked":["EmptyBody","CarveReality+1","PathToVictory"],"picked":"SKIP","floor":21},{"not_picked":["SignatureMove","FollowUp+1"],"picked":"Worship","floor":24},{"not_picked":["BowlingBash","Vengeance","Swivel"],"picked":"SKIP","floor":25},{"not_picked":["DeusExMachina","LikeWater+1"],"picked":"WindmillStrike+1","floor":28},{"not_picked":["Adaptation","CrushJoints"],"picked":"LikeWater","floor":31},{"not_picked":["Scrawl","Ragnarok"],"picked":"Brilliance","floor":33},{"not_picked":["Conclude+1","JustLucky+1"],"picked":"Pray+1","floor":35},{"not_picked":["Good Instincts","Forethought","Chrysalis"],"picked":"Singing Bowl","floor":36},{"not_picked":["SashWhip","Adaptation+1","Weave"],"picked":"Singing Bowl","floor":37},{"not_picked":["CarveReality+1","Worship+1"],"picked":"Evaluate+1","floor":39},{"not_picked":["FlyingSleeves","Vengeance+1","CutThroughFate"],"picked":"Singing Bowl","floor":40},{"not_picked":["InnerPeace+1","BowlingBash"],"picked":"WaveOfTheHand+1","floor":42},{"not_picked":["FlyingSleeves+1","Worship"],"picked":"InnerPeace+1","floor":46}],"player_experience":209100,"relics_obtained":[{"floor":7,"key":"The Courier"},{"floor":9,"key":"Darkstone Periapt"},{"floor":14,"key":"Shovel"},{"floor":24,"key":"Regal Pillow"},{"floor":26,"key":"Art of War"},{"floor":30,"key":"Singing Bowl"},{"floor":32,"key":"Lantern"},{"floor":40,"key":"Juzu Bracelet"},{"floor":41,"key":"Blood Vial"},{"floor":43,"key":"Bronze Scales"},{"floor":44,"key":"Meat on the Bone"}],"event_choices":[{"damage_healed":0,"gold_gain":75,"player_choice":"Gather Gold","damage_taken":11,"max_hp_gain":0,"max_hp_loss":0,"event_name":"World of Goop","floor":2,"gold_loss":0},{"damage_healed":0,"gold_gain":0,"cards_transformed":["Strike_P","Strike_P"],"player_choice":"Became Test Subject","damage_taken":0,"max_hp_gain":0,"max_hp_loss":0,"event_name":"Drug Dealer","floor":20,"gold_loss":0,"cards_obtained":["ConjureBlade","WheelKick"]},{"damage_healed":0,"gold_gain":0,"player_choice":"Ignored","damage_taken":0,"max_hp_gain":0,"max_hp_loss":0,"event_name":"Ghosts","floor":22,"gold_loss":0},{"damage_healed":0,"gold_gain":0,"player_choice":"Memory 1","damage_taken":0,"max_hp_gain":0,"max_hp_loss":0,"event_name":"SensoryStone","floor":36,"gold_loss":0},{"damage_healed":0,"gold_gain":0,"player_choice":"Paid","damage_taken":0,"relics_obtained":["Red Mask"],"max_hp_gain":0,"max_hp_loss":0,"event_name":"Tomb of Lord Red Mask","floor":45,"gold_loss":163},{"cards_removed":["MentalFortress"],"damage_healed":0,"gold_gain":0,"player_choice":"Removed Power","damage_taken":0,"max_hp_gain":0,"max_hp_loss":0,"event_name":"Falling","floor":47,"gold_loss":0},{"damage_healed":0,"gold_gain":0,"player_choice":"Ignored","damage_taken":0,"max_hp_gain":0,"max_hp_loss":0,"event_name":"Mysterious Sphere","floor":48,"gold_loss":0}],"is_beta":false,"boss_relics":[{"not_picked":["Busted Crown","Tiny House"],"picked":"SacredBark"},{"not_picked":["Runic Dome","Cursed Key"],"picked":"Philosopher\u0027s Stone"}],"items_purged_floors":[29,38],"is_endless":false,"potions_floor_spawned":[3,11,14,18,19,28,31,33,39,46],"ascension_level":0}