{"gold_per_floor":[113,113,43,61,79,79,99,99,99,99,116,132,16,43,43,148,148,168,178,188,188,208,241,241,253,253,286,286,141,156,172,172,276,276,294,37,0,17,17,17,31,42,94,105,105,105,57,74,74,74,74,74,74,103,103],"floor_reached":55,"playtime":5855,"items_purged":["Strike_P","Defend_P"],"score":688,"play_id":"1299bf34-eb8a-4057-a811-bfcec99c7b53","local_time":"20230807210940","is_ascension_mode":false,"campfire_choices":[{"data":"Pray","floor":6,"key":"SMITH"},{"data":"LikeWater","floor":8,"key":"SMITH"},{"data":"BattleHymn","floor":15,"key":"SMITH"},{"data":"Devotion","floor":24,"key":"SMITH"},{"data":"ThirdEye","floor":28,"key":"SMITH"},{"data":"Vigilance","floor":32,"key":"SMITH"},{"data":"Protect","floor":40,"key":"SMITH"},{"data":"Defend_P","floor":46,"key":"SMITH"},{"floor":49,"key":"RECALL"},{"data":"WindmillStrike","floor":52,"key":"SMITH"}],"neow_cost":"NONE","seed_source_timestamp":1922264819645600,"circlet_count":0,"master_deck":["Strike_P","Strike_P+1","Defend_P+1","Defend_P+1","Eruption","Vigilance+1","DeceiveReality","LikeWater+1","Pray+1","ThirdEye+1","WindmillStrike+1","BattleHymn+1","FearNoEvil","Devotion+1","Protect+1","JustLucky+1","Study+1","Brilliance+1","Worship","Establishment+1","Devotion+1","Protect+1","LikeWater+1","LikeWater+1"],"relics":["PureWater","Kunai","Bottled Tornado","Black Star","Art of War","Ginger","Thread and Needle","Molten Egg 2","Nunchaku","Coffee Dripper","DollysMirror","Red Mask","Anchor","Torii"],"potions_floor_usage":[16,23,23,31,33,33,44,55,55,55],"damage_taken":[{"damage":1,"enemies":"Cultist","floor":1,"turns":4},{"damage":0,"enemies":"2 Louse","floor":4,"turns":1},{"damage":11,"enemies":"Jaw Worm","floor":5,"turns":5},{"damage":0,"enemies":"Looter","floor":7,"turns":4},{"damage":10,"enemies":"Lots of Slimes","floor":11,"turns":7},{"damage":0,"enemies":"3 Louse","floor":12,"turns":5},{"damage":1,"enemies":"3 Sentries","floor":14,"turns":5},{"damage":3,"enemies":"Hexaghost","floor":16,"turns":9},{"damage":7,"enemies":"Shell Parasite","floor":18,"turns":5},{"damage":0,"enemies":"Chosen","floor":19,"turns":4},{"damage":10,"enemies":"3 Cultists","floor":20,"turns":6},{"damage":0,"enemies":"Snecko","floor":22,"turns":5},{"damage":13,"enemies":"Gremlin Leader","floor":23,"turns":7},{"damage":8,"enemies":"Centurion and Healer","floor":25,"turns":4},{"damage":1,"enemies":"Book of Stabbing","floor":27,"turns":4},{"damage":10,"enemies":"Cultist and Chosen","floor":30,"turns":5},{"damage":8,"enemies":"3 Cultists","floor":31,"turns":6},{"damage":6,"enemies":"Collector","floor":33,"turns":5},{"damage":20,"enemies":"3 Darklings","floor":35,"turns":5},{"damage":5,"enemies":"3 Shapes","floor":38,"turns":5},{"damage":0,"enemies":"Spire Growth","floor":41,"turns":4},{"damage":0,"enemies":"4 Shapes","floor":42,"turns":6},{"damage":6,"enemies":"3 Darklings","floor":44,"turns":3},{"damage":0,"enemies":"Maw","floor":48,"turns":6},{"damage":3,"enemies":"Time Eater","floor":50,"turns":6},{"damage":20,"enemies":"Shield and Spear","floor":54,"turns":10},{"damage":59,"enemies":"The Heart","floor":55,"turns":5}],"seed_played":"2912535834047483601","potions_obtained":[{"floor":5,"key":"FearPotion"},{"floor":11,"key":"Explosive Potion"},{"floor":16,"key":"Regen Potion"},{"floor":18,"key":"CultistPotion"},{"floor":25,"key":"Energy Potion"},{"floor":30,"key":"DuplicationPotion"},{"floor":31,"key":"DistilledChaos"},{"floor":41,"key":"SneckoOil"},{"floor":42,"key":"StancePotion"}],"is_trial":false,"path_per_floor":["M","?","$","M","M","R","M","R","T","?","M","M","$","E","R","B",null,"M","M","M","?","M","E","R","M","T","E","R","$","M","M","R","B",null,"M","$","?","M","?","R","M","M","T","M","$","R","$","M","R","B",null,"R","$","E","B"],"character_chosen":"WATCHER","items_purchased":["LikeWater","BattleHymn","FearNoEvil","Brilliance+1","DollysMirror","BlessingOfTheForge"],"campfire_rested":0,"item_purchase_floors":[3,13,13,29,36,47],"current_hp_per_floor":[78,78,78,78,67,67,67,67,67,51,41,41,41,40,40,37,79,72,72,62,62,62,64,64,56,56,55,55,55,45,37,37,31,79,59,59,59,54,54,54,54,54,54,48,48,48,48,48,48,45,79,79,79,59,0],"gold":103,"neow_bonus":"TEN_PERCENT_HP_BONUS","is_prod":false,"is_daily":false,"chose_seed":false,"campfire_upgraded":9,"win_rate":0,"timestamp":1691467780,"path_taken":["M","?","$","?","M","R","M","R","T","?","M","M","$","E","R","BOSS","M","M","M","?","?","E","R","M","T","E","R","$","M","M","R","BOSS","M","?","?","M","?","R","M","M","T","M","$","R","$","M","R","BOSS","R","$","E","BOSS"],"build_version":"2022-12-18","purchased_purges":2,"victory":false,"max_hp_per_floor":[79,79,79,79,79,79,79,79,79,79,79,79,79,79,79,79,79,79,79,79,79,79,79,79,79,79,79,79,79,79,79,79,79,79,79,79,79,79,79,79,79,79,79,79,79,79,79,79,79,79,79,79,79,79,79],"card_choices":[{"not_picked":["BowlingBash","Evaluate"],"picked":"DeceiveReality","floor":1},{"not_picked":["FlyingSleeves","Study"],"picked":"Pray","floor":4},{"not_picked":["Protect","Consecrate"],"picked":"ThirdEye","floor":5},{"not_picked":["Crescendo","Collect","Halt"],"picked":"SKIP","floor":7},{"not_picked":["BowlingBash","FlurryOfBlows","Scrawl"],"picked":"SKIP","floor":11},{"not_picked":["Protect","BowlingBash"],"picked":"WindmillStrike","floor":12},{"not_picked":["Consecrate","CrushJoints","EmptyFist"],"picked":"SKIP","floor":14},{"not_picked":["SpiritShield","Vault"],"picked":"Devotion","floor":16},{"not_picked":["Weave","FlurryOfBlows","Halt"],"picked":"SKIP","floor":18},{"not_picked":["Weave","InnerPeace+1"],"picked":"Protect","floor":19},{"not_picked":["Collect","SashWhip","InnerPeace+1"],"picked":"SKIP","floor":20},{"not_picked":["FlyingSleeves","FlurryOfBlows","FollowUp"],"picked":"SKIP","floor":22},{"not_picked":["CrushJoints","EmptyMind"],"picked":"JustLucky+1","floor":23},{"not_picked":["FlurryOfBlows+1","CrushJoints"],"picked":"Study+1","floor":25},{"not_picked":["EmptyMind","PathToVictory","Perseverance"],"picked":"SKIP","floor":27},{"not_picked":["Study","EmptyFist+1","EmptyBody+1"],"picked":"SKIP","floor":30},{"not_picked":["Omniscience","ReachHeaven+1"],"picked":"Worship","floor":31},{"not_picked":["Omniscience","Vault"],"picked":"Establishment","floor":33},{"not_picked":["Protect","BattleHymn","Swivel"],"picked":"SKIP","floor":35},{"not_picked":["WheelKick+1","TalkToTheHand+1","Fasting2"],"picked":"SKIP","floor":38},{"not_picked":["Vengeance","PathToVictory+1","Tantrum+1"],"picked":"SKIP","floor":41},{"not_picked":["FlyingSleeves+1","CrushJoints+1"],"picked":"Protect+1","floor":42},{"not_picked":["Collect+1","Nirvana"],"picked":"LikeWater+1","floor":44},{"not_picked":["Study","FlyingSleeves+1"],"picked":"LikeWater+1","floor":48},{"not_picked":["Conclude+1","SashWhip+1","Wish"],"picked":"SKIP","floor":54}],"player_experience":153731,"relics_obtained":[{"floor":9,"key":"Kunai"},{"floor":14,"key":"Bottled Tornado"},{"floor":23,"key":"Art of War"},{"floor":23,"key":"Ginger"},{"floor":26,"key":"Thread and Needle"},{"floor":27,"key":"Molten Egg 2"},{"floor":27,"key":"Nunchaku"},{"floor":54,"key":"Anchor"},{"floor":54,"key":"Torii"}],"event_choices":[{"cards_removed":["Defend_P"],"damage_healed":0,"gold_gain":0,"player_choice":"Offered Basic","damage_taken":0,"max_hp_gain":0,"max_hp_loss":0,"event_name":"Bonfire Elementals","floor":2,"gold_loss":0},{"damage_healed":0,"gold_gain":0,"player_choice":"Entered Light","damage_taken":16,"max_hp_gain":0,"max_hp_loss":0,"event_name":"Shining Light","floor":10,"gold_loss":0,"cards_upgraded":["Strike_P","Defend_P"]},{"cards_removed":["Strike_P"],"damage_healed":0,"gold_gain":0,"player_choice":"Purged","damage_taken":0,"max_hp_gain":0,"max_hp_loss":0,"event_name":"Purifier","floor":21,"gold_loss":0},{"damage_healed":0,"gold_gain":0,"player_choice":"Paid","damage_taken":0,"relics_obtained":["Red Mask"],"max_hp_gain":0,"max_hp_loss":0,"event_name":"Tomb of Lord Red Mask","floor":37,"gold_loss":37},{"damage_healed":0,"gold_gain":0,"player_choice":"Upgraded","damage_taken":0,"max_hp_gain":0,"max_hp_loss":0,"event_name":"Upgrade Shrine","floor":39,"gold_loss":0,"cards_upgraded":["Establishment"]}],"is_beta":false,"boss_relics":[{"not_picked":["Velvet Choker","Astrolabe"],"picked":"Black Star"},{"not_picked":["Snecko Eye","Pandora\u0027s Box"],"picked":"Coffee Dripper"}],"items_purged_floors":[29,36],"is_endless":false,"potions_floor_spawned":[5,11,16,18,25,30,31,41,42,48],"killed_by":"The Heart","ascension_level":0}