{"gold_per_floor":[217,229,229,229,248,248,278,278,278,291,291,301,314,342,342,447,447,466,486,486,436,448,448],"floor_reached":23,"playtime":2235,"items_purged":[],"score":203,"play_id":"0054291d-63aa-41ee-b688-6881f6e3f30d","local_time":"20230806183909","is_ascension_mode":false,"campfire_choices":[{"data":"WindmillStrike","floor":6.0,"key":"SMITH"},{"data":"EmptyFist","floor":8.0,"key":"SMITH"},{"floor":15.0,"key":"REST"}],"neow_cost":"NONE","seed_source_timestamp":0,"circlet_count":0,"master_deck":["Strike_P","Strike_P","Strike_P","Defend_P","Defend_P","Defend_P","Defend_P","Eruption","Vigilance","EmptyBody","Crescendo","Strike_B","WindmillStrike+1","EmptyFist+1","ThirdEye","JustLucky","FlurryOfBlows","Brilliance","CrushJoints+1","EmptyMind+1","FlurryOfBlows+1"],"special_seed":0,"relics":["PureWater","Bird Faced Urn","Eternal Feather","Bronze Scales","Darkstone Periapt","VioletLotus"],"potions_floor_usage":[],"damage_taken":[{"damage":5.0,"enemies":"Jaw Worm","floor":1.0,"turns":7.0},{"damage":0.0,"enemies":"Small Slimes","floor":2.0,"turns":2.0},{"damage":0.0,"enemies":"Cultist","floor":5.0,"turns":5.0},{"damage":24.0,"enemies":"3 Sentries","floor":7.0,"turns":11.0},{"damage":0.0,"enemies":"Looter","floor":10.0,"turns":2.0},{"damage":9.0,"enemies":"Large Slime","floor":12.0,"turns":3.0},{"damage":0.0,"enemies":"3 Louse","floor":13.0,"turns":2.0},{"damage":15.0,"enemies":"Lagavulin","floor":14.0,"turns":9.0},{"damage":17.0,"enemies":"The Guardian","floor":16.0,"turns":13.0},{"damage":0.0,"enemies":"Spheric Guardian","floor":18.0,"turns":3.0},{"damage":0.0,"enemies":"3 Byrds","floor":19.0,"turns":5.0},{"damage":26,"enemies":"Sentry and Sphere","floor":22,"turns":6},{"damage":46,"enemies":"Book of Stabbing","floor":23,"turns":6}],"seed_played":"-2299963939903481812","potions_obtained":[{"floor":2.0,"key":"SmokeBomb"},{"floor":5.0,"key":"Energy Potion"},{"floor":10.0,"key":"Explosive Potion"},{"floor":13.0,"key":"Ancient Potion"}],"is_trial":false,"path_per_floor":["M","M","?","?","M","R","E","R","T","M","?","M","M","E","R","B",null,"M","M","?","?","M","E"],"character_chosen":"WATCHER","items_purchased":[],"campfire_rested":1,"item_purchase_floors":[],"current_hp_per_floor":[67,67,67,67,67,67,43,43,43,43,36,27,27,12,42,25,72,72,72,72,72,46,0],"gold":448,"neow_bonus":"HUNDRED_GOLD","is_prod":false,"is_daily":false,"chose_seed":false,"campfire_upgraded":2,"win_rate":1,"timestamp":1691372349,"path_taken":["M","M","?","?","M","R","E","R","T","?","?","M","M","E","R","BOSS","M","M","?","?","M","E"],"build_version":"2022-12-18","purchased_purges":0,"victory":false,"max_hp_per_floor":[72,72,72,72,72,72,72,72,72,72,72,72,72,72,72,72,72,72,72,72,72,72,72],"card_choices":[{"not_picked":["CrushJoints","Sanctity"],"picked":"EmptyBody","floor":1.0},{"not_picked":["Wallop","EmptyBody"],"picked":"Crescendo","floor":2.0},{"not_picked":["EmptyBody","FlyingSleeves"],"picked":"WindmillStrike","floor":5.0},{"not_picked":["Halt","Weave"],"picked":"EmptyFist","floor":7.0},{"not_picked":["CrushJoints","JustLucky"],"picked":"ThirdEye","floor":10.0},{"not_picked":["CrushJoints","FollowUp"],"picked":"JustLucky","floor":12.0},{"not_picked":["CutThroughFate","Omniscience","TalkToTheHand"],"picked":"SKIP","floor":13.0},{"not_picked":["Fasting2","EmptyFist"],"picked":"FlurryOfBlows","floor":14.0},{"not_picked":["MasterReality","Ragnarok"],"picked":"Brilliance","floor":16.0},{"not_picked":["CutThroughFate+1","Crescendo"],"picked":"CrushJoints+1","floor":18.0},{"not_picked":["BowlingBash","Evaluate+1"],"picked":"EmptyMind+1","floor":19},{"not_picked":["FlyingSleeves","CutThroughFate"],"picked":"FlurryOfBlows+1","floor":22}],"player_experience":127837,"relics_obtained":[{"floor":7.0,"key":"Bird Faced Urn"},{"floor":9.0,"key":"Eternal Feather"},{"floor":14.0,"key":"Darkstone Periapt"}],"event_choices":[{"damage_healed":0.0,"max_hp_gain":0.0,"max_hp_loss":0.0,"gold_gain":0.0,"event_name":"Liars Game","player_choice":"Ignored","floor":3.0,"gold_loss":0.0,"damage_taken":0.0},{"cards_removed":["Strike_P"],"damage_healed":0.0,"max_hp_gain":0.0,"max_hp_loss":0.0,"gold_gain":0.0,"event_name":"NoteForYourself","player_choice":"Took Card","floor":4.0,"gold_loss":0.0,"damage_taken":0.0,"cards_obtained":["Strike_B"]},{"damage_healed":0.0,"max_hp_gain":0.0,"max_hp_loss":0.0,"gold_gain":0.0,"event_name":"Scrap Ooze","player_choice":"Success","floor":11.0,"gold_loss":0.0,"damage_taken":7.0,"relics_obtained":["Bronze Scales"]},{"damage_healed":0,"gold_gain":0,"player_choice":"Ignored","damage_taken":0,"max_hp_gain":0,"max_hp_loss":0,"event_name":"The Mausoleum","floor":20,"gold_loss":0},{"damage_healed":0,"gold_gain":0,"player_choice":"Bet on Murderer","damage_taken":0,"max_hp_gain":0,"max_hp_loss":0,"event_name":"The Joust","floor":21,"gold_loss":50}],"is_beta":false,"boss_relics":[{"not_picked":["Black Star","Sozu"],"picked":"VioletLotus"}],"items_purged_floors":[],"is_endless":false,"potions_floor_spawned":[2,5,10,13],"killed_by":"Book of Stabbing","ascension_level":0}