{"gold_per_floor":[111,129,147,167,9,19,19,34,110,110,128,160,140,150,150,249,249,268,285,200,25,25,25,25,25,25,40,40,53,15,43,43,143,143,160,210,210,86,86,86,97,97,121,139,139,154,169,186,186,186],"floor_reached":51,"playtime":5560,"items_purged":["BowlingBash+1","FlurryOfBlows"],"score":646,"play_id":"0c6656b7-f23c-406e-b385-3a891e982976","local_time":"20230804221643","is_ascension_mode":false,"campfire_choices":[{"floor":7.0,"key":"REST"},{"floor":10.0,"key":"REST"},{"floor":15.0,"key":"REST"},{"data":"Establishment","floor":23.0,"key":"SMITH"},{"data":"BattleHymn","floor":24.0,"key":"SMITH"},{"data":"BattleHymn","floor":25.0,"key":"SMITH"},{"data":"LikeWater","floor":28.0,"key":"SMITH"},{"floor":32.0,"key":"REST"},{"data":"ThirdEye","floor":40.0,"key":"SMITH"},{"data":"Eruption","floor":42.0,"key":"SMITH"},{"data":"Evaluate","floor":45.0,"key":"SMITH"},{"floor":49,"key":"REST"}],"neow_cost":"NONE","seed_source_timestamp":0,"circlet_count":0,"master_deck":["Strike_P","Defend_P","Defend_P","Defend_P","Defend_P","Eruption+1","Vigilance","Sanctity","LikeWater+1","Adaptation","ThirdEye+1","Evaluate+1","Conclude","Tantrum","ConjureBlade","BattleHymn+1","Establishment+1","Protect+1","BattleHymn+1","SandsOfTime+1","ClearTheMind","BattleHymn+1","FollowUp+1","Judgement","CutThroughFate+1"],"special_seed":0,"relics":["PureWater","Membership Card","Kunai","WingedGreaves","Astrolabe","StoneCalendar","Singing Bowl","Pantograph","Damaru","Busted Crown","TungstenRod","Pen Nib","Potion Belt"],"potions_floor_usage":[50,50,50,50],"damage_taken":[{"damage":5.0,"enemies":"Cultist","floor":1.0,"turns":4.0},{"damage":4.0,"enemies":"Jaw Worm","floor":2.0,"turns":3.0},{"damage":1.0,"enemies":"Small Slimes","floor":3.0,"turns":6.0},{"damage":5.0,"enemies":"2 Fungi Beasts","floor":4.0,"turns":4.0},{"damage":57.0,"enemies":"Gremlin Gang","floor":6.0,"turns":14.0},{"damage":6.0,"enemies":"Red Slaver","floor":8.0,"turns":6.0},{"damage":0.0,"enemies":"Looter","floor":11.0,"turns":4.0},{"damage":29.0,"enemies":"3 Sentries","floor":12.0,"turns":8.0},{"damage":19.0,"enemies":"Exordium Wildlife","floor":14.0,"turns":5.0},{"damage":17.0,"enemies":"The Guardian","floor":16.0,"turns":12.0},{"damage":3.0,"enemies":"Shell Parasite","floor":18.0,"turns":4.0},{"damage":15.0,"enemies":"Spheric Guardian","floor":19.0,"turns":6.0},{"damage":12.0,"enemies":"Centurion and Healer","floor":27.0,"turns":5.0},{"damage":0.0,"enemies":"Sentry and Sphere","floor":29.0,"turns":3.0},{"damage":57.0,"enemies":"Gremlin Leader","floor":31.0,"turns":6.0},{"damage":32.0,"enemies":"Champ","floor":33.0,"turns":9.0},{"damage":25.0,"enemies":"3 Darklings","floor":35.0,"turns":5.0},{"damage":0.0,"enemies":"Mind Bloom Boss Battle","floor":36.0,"turns":5.0},{"damage":16.0,"enemies":"3 Shapes","floor":41.0,"turns":3.0},{"damage":17.0,"enemies":"Writhing Mass","floor":44.0,"turns":4.0},{"damage":14.0,"enemies":"Spire Growth","floor":46.0,"turns":4.0},{"damage":0,"enemies":"3 Darklings","floor":47,"turns":3},{"damage":13,"enemies":"Sphere and 2 Shapes","floor":48,"turns":3},{"damage":80,"enemies":"Time Eater","floor":50,"turns":10}],"seed_played":"-2008474590724986413","potions_obtained":[{"floor":1.0,"key":"Regen Potion"},{"floor":6.0,"key":"SneckoOil"},{"floor":8.0,"key":"FearPotion"},{"floor":11.0,"key":"EssenceOfSteel"},{"floor":13.0,"key":"Ancient Potion"},{"floor":18.0,"key":"FairyPotion"},{"floor":27.0,"key":"Dexterity Potion"},{"floor":33.0,"key":"SteroidPotion"},{"floor":35.0,"key":"LiquidBronze"},{"floor":44.0,"key":"Energy Potion"}],"is_trial":false,"path_per_floor":["M","M","M","M","$","M","R","M","T","R","M","E","?","M","R","B",null,"M","M","?","$","?","R","R","R","T","M","R","M","$","E","R","B",null,"M","?","?","$","?","R","M","R","T","M","R","M","M","M","R","B",null],"character_chosen":"WATCHER","items_purchased":["Membership Card","Evaluate","ClearTheMind","BattleHymn","Singing Bowl","Pen Nib"],"campfire_rested":5,"item_purchase_floors":[5,5,21,21,21,38],"current_hp_per_floor":[74,70,69,64,64,7,30,24,24,47,47,33,33,14,37,20,79,76,61,61,61,61,61,61,61,61,49,49,51,51,26,50,43,83,60,85,81,81,81,81,67,67,67,52,52,40,42,31,59,4],"gold":186,"neow_bonus":"TEN_PERCENT_HP_BONUS","is_prod":false,"is_daily":false,"chose_seed":false,"campfire_upgraded":7,"win_rate":0.0,"timestamp":1691212603,"path_taken":["M","M","?","M","$","M","R","M","T","R","M","E","?","?","R","BOSS","M","?","?","$","?","R","R","R","T","?","R","M","?","E","R","BOSS","M","?","?","$","?","R","M","R","T","M","R","M","?","M","R","BOSS"],"build_version":"2022-12-18","purchased_purges":2,"victory":true,"max_hp_per_floor":[79,79,79,79,79,79,79,79,79,79,79,79,79,79,79,79,79,79,79,79,79,79,79,79,79,79,79,79,81,81,83,83,83,83,85,85,81,81,85,85,87,87,87,89,89,91,93,95,95,95],"card_choices":[{"not_picked":["ClearTheMind","BowlingBash"],"picked":"Sanctity","floor":1.0},{"not_picked":["DeceiveReality","Evaluate"],"picked":"LikeWater","floor":2.0},{"not_picked":["FlyingSleeves","DeceiveReality"],"picked":"Adaptation","floor":3.0},{"not_picked":["BowlingBash","BattleHymn"],"picked":"ThirdEye","floor":4.0},{"not_picked":["EmptyMind","CrushJoints"],"picked":"Conclude","floor":6.0},{"not_picked":["JustLucky","FlyingSleeves"],"picked":"Tantrum","floor":8.0},{"not_picked":["Crescendo","CutThroughFate"],"picked":"ConjureBlade","floor":11.0},{"not_picked":["Collect","ThirdEye"],"picked":"FlurryOfBlows","floor":12.0},{"not_picked":["FlurryOfBlows","Study"],"picked":"BattleHymn","floor":14.0},{"not_picked":["Judgement","MasterReality"],"picked":"Establishment","floor":16.0},{"not_picked":["FlyingSleeves","CutThroughFate","CrushJoints"],"picked":"SKIP","floor":18.0},{"not_picked":["CrushJoints","Vault"],"picked":"SandsOfTime+1","floor":19.0},{"not_picked":["Crescendo+1","FlurryOfBlows"],"picked":"FollowUp+1","floor":27.0},{"not_picked":["SignatureMove","EmptyFist","Halt"],"picked":"Singing Bowl","floor":29.0},{"not_picked":["SashWhip","CutThroughFate","Brilliance"],"picked":"Singing Bowl","floor":31.0},{"not_picked":["LessonLearned","Scrawl"],"picked":"Judgement","floor":33.0},{"not_picked":["CrushJoints"],"picked":"Singing Bowl","floor":35.0},{"not_picked":[],"picked":"CutThroughFate+1","floor":36.0},{"not_picked":["Jack Of All Trades"],"picked":"Singing Bowl","floor":39.0},{"not_picked":["Purity"],"picked":"Singing Bowl","floor":39.0},{"not_picked":["Evaluate"],"picked":"Singing Bowl","floor":41.0},{"not_picked":["EmptyFist+1"],"picked":"Singing Bowl","floor":44.0},{"not_picked":["Pray+1"],"picked":"Singing Bowl","floor":46.0},{"not_picked":["ThirdEye"],"picked":"Singing Bowl","floor":47},{"not_picked":["Consecrate+1"],"picked":"Singing Bowl","floor":48}],"player_experience":62875,"relics_obtained":[{"floor":9.0,"key":"Kunai"},{"floor":12.0,"key":"WingedGreaves"},{"floor":26.0,"key":"Pantograph"},{"floor":31.0,"key":"Damaru"},{"floor":36.0,"key":"TungstenRod"},{"floor":43.0,"key":"Potion Belt"}],"event_choices":[{"damage_healed":0.0,"max_hp_gain":0.0,"max_hp_loss":0.0,"gold_gain":0.0,"event_name":"The Woman in Blue","player_choice":"Bought 1 Potion","floor":13.0,"gold_loss":0.0,"damage_taken":0.0},{"damage_healed":0.0,"max_hp_gain":0.0,"max_hp_loss":0.0,"gold_gain":0.0,"event_name":"Addict","player_choice":"Obtained Relic","floor":20.0,"gold_loss":85.0,"damage_taken":0.0,"relics_obtained":["StoneCalendar"]},{"damage_healed":0.0,"max_hp_gain":0.0,"max_hp_loss":0.0,"gold_gain":0.0,"event_name":"N\u0027loth","player_choice":"Ignored","floor":22.0,"gold_loss":0.0,"damage_taken":0.0},{"damage_healed":0.0,"max_hp_gain":0.0,"max_hp_loss":0.0,"gold_gain":0.0,"event_name":"MindBloom","player_choice":"Fight","floor":36.0,"gold_loss":0.0,"damage_taken":0.0},{"damage_healed":0.0,"max_hp_gain":0.0,"max_hp_loss":4.0,"gold_gain":0.0,"event_name":"Winding Halls","player_choice":"Max HP","floor":37.0,"gold_loss":0.0,"damage_taken":0.0},{"damage_healed":0.0,"max_hp_gain":0.0,"max_hp_loss":0.0,"gold_gain":0.0,"event_name":"SensoryStone","player_choice":"Memory 2","floor":39.0,"gold_loss":0.0,"damage_taken":5.0}],"is_beta":false,"boss_relics":[{"not_picked":["Runic Dome","Fusion Hammer"],"picked":"Astrolabe"},{"not_picked":["Sozu","Tiny House"],"picked":"Busted Crown"}],"items_purged_floors":[30,38],"is_endless":false,"potions_floor_spawned":[1,6,8,11,18,27,33,35,44],"ascension_level":0}