{"gold_per_floor":[109,119,69,69,86,86,86,86,86,86,86],"floor_reached":11,"playtime":426,"items_purged":[],"score":61,"play_id":"fa766b34-1317-42cc-98e0-2dc8f43bd8b7","local_time":"20230811210601","is_ascension_mode":false,"campfire_choices":[{"data":"Evaluate","floor":6,"key":"SMITH"},{"data":"Vigilance","floor":8,"key":"SMITH"},{"data":"WindmillStrike","floor":10,"key":"SMITH"}],"neow_cost":"TEN_PERCENT_HP_LOSS","seed_source_timestamp":243953996318100,"circlet_count":0,"master_deck":["Strike_P","Strike_P","Strike_P","Strike_P","Defend_P","Defend_P","Defend_P","Eruption","Vigilance+1","Worship","ClearTheMind","DeceiveReality","Evaluate+1","WindmillStrike+1"],"relics":["PureWater","Prayer Wheel","Orichalcum","Golden Idol","Question Card"],"potions_floor_usage":[],"damage_taken":[{"damage":6,"enemies":"Jaw Worm","floor":1,"turns":3},{"damage":7,"enemies":"Small Slimes","floor":2,"turns":5},{"damage":1,"enemies":"2 Louse","floor":5,"turns":4},{"damage":37,"enemies":"Gremlin Nob","floor":11,"turns":4}],"seed_played":"-6217508663662102468","potions_obtained":[],"is_trial":false,"path_per_floor":["M","M","?","?","M","R","?","R","T","R","E"],"character_chosen":"WATCHER","items_purchased":[],"campfire_rested":0,"item_purchase_floors":[],"current_hp_per_floor":[59,52,52,49,48,48,32,32,32,32,0],"gold":86,"neow_bonus":"ONE_RARE_RELIC","is_prod":false,"is_daily":false,"chose_seed":false,"campfire_upgraded":3,"win_rate":0,"timestamp":1691813161,"path_taken":["M","M","?","?","M","R","?","R","T","R","E"],"build_version":"2022-12-18","purchased_purges":0,"victory":false,"max_hp_per_floor":[65,65,65,65,65,65,65,65,65,65,65],"card_choices":[{"not_picked":["Consecrate","CrushJoints"],"picked":"Worship","floor":1},{"not_picked":["FlyingSleeves","CrushJoints"],"picked":"ClearTheMind","floor":1},{"not_picked":["PathToVictory","SandsOfTime"],"picked":"DeceiveReality","floor":2},{"not_picked":["TalkToTheHand","Scrawl"],"picked":"Evaluate","floor":2},{"not_picked":["BowlingBash","PathToVictory"],"picked":"WindmillStrike","floor":5},{"not_picked":["EmptyBody","CrushJoints","Perseverance"],"picked":"SKIP","floor":5}],"player_experience":201073,"relics_obtained":[{"floor":9,"key":"Question Card"}],"event_choices":[{"cards_removed":["Defend_P"],"damage_healed":0,"gold_gain":0,"player_choice":"Card Removal","damage_taken":0,"max_hp_gain":0,"max_hp_loss":0,"event_name":"The Cleric","floor":3,"gold_loss":50},{"damage_healed":0,"gold_gain":0,"player_choice":"Success","damage_taken":3,"relics_obtained":["Orichalcum"],"max_hp_gain":0,"max_hp_loss":0,"event_name":"Scrap Ooze","floor":4,"gold_loss":0},{"damage_healed":0,"gold_gain":0,"player_choice":"Take Damage","damage_taken":16,"relics_obtained":["Golden Idol"],"max_hp_gain":0,"max_hp_loss":0,"event_name":"Golden Idol","floor":7,"gold_loss":0}],"is_beta":false,"boss_relics":[],"items_purged_floors":[],"is_endless":false,"potions_floor_spawned":[],"killed_by":"Gremlin Nob","ascension_level":0}