{"gold_per_floor":[11,111,126,76,87,87,262,262,262,262,262,37,48,61,61,166,166,195,41,61,61,76,76,104,104,151,250,250,165,165,185,185,185],"floor_reached":33,"playtime":1077,"items_purged":["Doubt"],"score":329,"play_id":"9bf5b858-d83e-464c-a8d6-1a7469c9dd61","local_time":"20230819170709","is_ascension_mode":true,"campfire_choices":[{"data":"Ragnarok","floor":6,"key":"SMITH"},{"data":"Vigilance","floor":8,"key":"SMITH"},{"data":"Crescendo","floor":11,"key":"SMITH"},{"data":"Eruption","floor":15,"key":"SMITH"},{"floor":23,"key":"REST"},{"floor":28,"key":"REST"},{"data":"BattleHymn","floor":32,"key":"SMITH"}],"neow_cost":"NO_GOLD","seed_source_timestamp":920183165452800,"circlet_count":0,"master_deck":["Strike_P+1","Strike_P+1","Strike_P+1","Defend_P+1","Defend_P+1","Defend_P+1","Defend_P+1","Eruption+1","Vigilance+1","Ragnarok+1","FollowUp","Crescendo+1","Crescendo","Protect","DeusExMachina","CurseOfTheBell","BattleHymn+1","Finesse","Prostrate","Meditate"],"relics":["PureWater","StoneCalendar","Yang","MealTicket","Calling Bell","MawBank","Kunai","Ice Cream","Boot","MutagenicStrength","Bag of Preparation","Eternal Feather","TeardropLocket"],"potions_floor_usage":[],"damage_taken":[{"damage":0,"enemies":"2 Louse","floor":1,"turns":3},{"damage":0,"enemies":"Cultist","floor":3,"turns":2},{"damage":0,"enemies":"Jaw Worm","floor":5,"turns":3},{"damage":0,"enemies":"Looter","floor":13,"turns":3},{"damage":0,"enemies":"Blue Slaver","floor":14,"turns":2},{"damage":12,"enemies":"The Guardian","floor":16,"turns":9},{"damage":4,"enemies":"Shell Parasite","floor":18,"turns":3},{"damage":45,"enemies":"3 Byrds","floor":20,"turns":4},{"damage":18,"enemies":"Snecko","floor":22,"turns":5},{"damage":27,"enemies":"Book of Stabbing","floor":24,"turns":5},{"damage":0,"enemies":"Sentry and Sphere","floor":31,"turns":4},{"damage":59,"enemies":"Collector","floor":33,"turns":6}],"seed_played":"-5949530996612894925","potions_obtained":[{"floor":1,"key":"BottledMiracle"},{"floor":5,"key":"BlessingOfTheForge"},{"floor":16,"key":"Strength Potion"},{"floor":24,"key":"Ambrosia"}],"is_trial":false,"path_per_floor":["M","?","M","?","M","R","?","R","T","T","R","$","M","M","R","B",null,"M","$","M","?","M","R","E","?","T","?","R","?","T","M","R","B"],"character_chosen":"WATCHER","items_purchased":["MealTicket","BattleHymn","Finesse"],"campfire_rested":2,"item_purchase_floors":[12,19,19],"current_hp_per_floor":[65,65,65,65,65,65,65,65,65,65,65,65,65,65,65,53,67,63,72,27,27,9,30,3,3,3,3,24,24,24,24,36,0],"gold":185,"neow_bonus":"THREE_RARE_CARDS","is_prod":false,"is_daily":false,"chose_seed":false,"campfire_upgraded":5,"win_rate":0,"timestamp":1692490029,"path_taken":["M","?","?","?","M","R","?","R","T","?","R","$","M","M","R","BOSS","M","$","M","?","M","R","E","?","T","?","R","?","?","M","R","BOSS"],"build_version":"2022-12-18","purchased_purges":1,"victory":false,"max_hp_per_floor":[72,72,72,72,72,72,72,72,72,72,72,72,72,72,72,72,72,72,72,72,72,72,72,72,72,72,72,72,72,72,72,72,72],"card_choices":[{"not_picked":["DeusExMachina","Judgement"],"picked":"Ragnarok","floor":0},{"not_picked":["PathToVictory","FearNoEvil"],"picked":"FollowUp","floor":1},{"not_picked":["ThirdEye","BowlingBash"],"picked":"Crescendo","floor":3},{"not_picked":["PathToVictory","EmptyFist","FlyingSleeves"],"picked":"SKIP","floor":5},{"not_picked":["Worship","SandsOfTime"],"picked":"Crescendo","floor":13},{"not_picked":["EmptyBody","MentalFortress"],"picked":"Protect","floor":14},{"not_picked":["Ragnarok","Wish"],"picked":"DeusExMachina","floor":16},{"not_picked":["FollowUp","Sanctity+1","Adaptation"],"picked":"SKIP","floor":18},{"not_picked":["SashWhip","SandsOfTime","FlurryOfBlows"],"picked":"SKIP","floor":20},{"not_picked":["FlyingSleeves","EmptyBody"],"picked":"Prostrate","floor":22},{"not_picked":["BowlingBash","Vengeance"],"picked":"Meditate","floor":24},{"not_picked":["PathToVictory","Sanctity","Consecrate"],"picked":"SKIP","floor":31}],"player_experience":305084,"relics_obtained":[{"floor":9,"key":"StoneCalendar"},{"floor":10,"key":"Yang"},{"floor":17,"key":"MawBank"},{"floor":17,"key":"Kunai"},{"floor":17,"key":"Ice Cream"},{"floor":24,"key":"Boot"},{"floor":26,"key":"Bag of Preparation"},{"floor":30,"key":"TeardropLocket"}],"event_choices":[{"damage_healed":0,"gold_gain":100,"player_choice":"Pray","damage_taken":0,"max_hp_gain":0,"max_hp_loss":0,"event_name":"Golden Shrine","floor":2,"gold_loss":0},{"cards_removed":["Strike_P"],"damage_healed":0,"gold_gain":0,"player_choice":"Card Removal","damage_taken":0,"max_hp_gain":0,"max_hp_loss":0,"event_name":"The Cleric","floor":4,"gold_loss":50},{"damage_healed":0,"gold_gain":175,"player_choice":"AGREE","damage_taken":0,"max_hp_gain":0,"max_hp_loss":0,"event_name":"Liars Game","floor":7,"gold_loss":0,"cards_obtained":["Doubt"]},{"damage_healed":0,"gold_gain":0,"player_choice":"Simplicity","damage_taken":0,"max_hp_gain":0,"max_hp_loss":0,"event_name":"Back to Basics","floor":21,"gold_loss":0,"cards_upgraded":["Strike_P","Strike_P","Strike_P","Defend_P","Defend_P","Defend_P","Defend_P"]},{"damage_healed":0,"gold_gain":0,"player_choice":"Inject Mutagens","damage_taken":0,"relics_obtained":["MutagenicStrength"],"max_hp_gain":0,"max_hp_loss":0,"event_name":"Drug Dealer","floor":25,"gold_loss":0},{"damage_healed":0,"gold_gain":99,"player_choice":"Stole From Cult","damage_taken":0,"max_hp_gain":0,"max_hp_loss":0,"event_name":"Nest","floor":27,"gold_loss":0},{"damage_healed":0,"gold_gain":0,"player_choice":"Obtained Relic","damage_taken":0,"relics_obtained":["Eternal Feather"],"max_hp_gain":0,"max_hp_loss":0,"event_name":"Addict","floor":29,"gold_loss":85}],"is_beta":false,"boss_relics":[{"not_picked":["Fusion Hammer","Snecko Eye"],"picked":"Calling Bell"}],"items_purged_floors":[12],"is_endless":false,"potions_floor_spawned":[1,5,16,20,24],"killed_by":"Collector","ascension_level":6}