{"gold_per_floor":[109,124,199,216,236,236,246,246,246,256,256,0,0,20,20,116,116,127,127,140,140,155,155,180,180,204,25,25,60,60,86,86,181,181,193,209,84,102,102,102,133,145,145,145,165,176,176,192,192,192],"floor_reached":50,"playtime":2691,"items_purged":["Strike_P","Strike_P","Defend_P"],"score":714,"play_id":"af2e94ad-f756-442a-87bd-5864d0f462d3","local_time":"20230820075704","is_ascension_mode":true,"campfire_choices":[{"data":"EmptyFist","floor":6,"key":"SMITH"},{"data":"Prostrate","floor":8,"key":"SMITH"},{"data":"Prostrate","floor":13,"key":"SMITH"},{"data":"Perseverance","floor":15,"key":"SMITH"},{"data":"SignatureMove","floor":23,"key":"SMITH"},{"floor":25,"key":"REST"},{"data":"BattleHymn","floor":28,"key":"SMITH"},{"data":"Protect","floor":32,"key":"SMITH"},{"data":"Blasphemy","floor":40,"key":"SMITH"},{"data":"Vigilance","floor":44,"key":"SMITH"},{"floor":47,"key":"REST"},{"floor":49,"key":"REST"}],"neow_cost":"NONE","seed_source_timestamp":971972777273500,"circlet_count":0,"master_deck":["Defend_P","Eruption+1","Vigilance+1","Prostrate+1","Crescendo","EmptyFist+1","Prostrate+1","Perseverance+1","Protect+1","SignatureMove+1","Prostrate","Study+1","BattleHymn+1","Blasphemy+1","EmptyMind","Pain","Establishment"],"relics":["PureWater","Pantograph","MealTicket","Empty Cage","Prayer Wheel","Centennial Puzzle","Ornamental Fan","PreservedInsect","Cursed Key","Whetstone","Mummified Hand"],"potions_floor_usage":[24,29,41,41,46],"damage_taken":[{"damage":0,"enemies":"Cultist","floor":1,"turns":2},{"damage":0,"enemies":"Small Slimes","floor":2,"turns":2},{"damage":0,"enemies":"2 Louse","floor":4,"turns":2},{"damage":6,"enemies":"Red Slaver","floor":5,"turns":4},{"damage":8,"enemies":"Blue Slaver","floor":7,"turns":3},{"damage":0,"enemies":"2 Fungi Beasts","floor":10,"turns":2},{"damage":6,"enemies":"Lots of Slimes","floor":14,"turns":6},{"damage":27,"enemies":"Hexaghost","floor":16,"turns":10},{"damage":0,"enemies":"Shell Parasite","floor":18,"turns":4},{"damage":0,"enemies":"Chosen","floor":20,"turns":4},{"damage":3,"enemies":"3 Cultists","floor":22,"turns":6},{"damage":67,"enemies":"Slavers","floor":24,"turns":7},{"damage":6,"enemies":"Gremlin Leader","floor":29,"turns":4},{"damage":31,"enemies":"Champ","floor":33,"turns":12},{"damage":11,"enemies":"Orb Walker","floor":35,"turns":4},{"damage":13,"enemies":"3 Darklings","floor":36,"turns":4},{"damage":12,"enemies":"4 Shapes","floor":38,"turns":6},{"damage":13,"enemies":"Reptomancer","floor":41,"turns":4},{"damage":0,"enemies":"Spire Growth","floor":42,"turns":2},{"damage":21,"enemies":"Jaw Worm Horde","floor":45,"turns":4},{"damage":5,"enemies":"3 Darklings","floor":46,"turns":3},{"damage":12,"enemies":"Spire Growth","floor":48,"turns":5},{"damage":59,"enemies":"Time Eater","floor":50,"turns":6}],"seed_played":"-250133455783332590","potions_obtained":[{"floor":4,"key":"StancePotion"},{"floor":5,"key":"FairyPotion"},{"floor":10,"key":"Weak Potion"},{"floor":24,"key":"SkillPotion"},{"floor":35,"key":"DistilledChaos"},{"floor":36,"key":"DuplicationPotion"},{"floor":45,"key":"GamblersBrew"}],"is_trial":false,"path_per_floor":["M","M","?","M","M","R","M","R","T","M","?","$","R","M","R","B",null,"M","?","M","?","M","R","E","R","T","$","R","E","?","T","R","B",null,"M","M","$","M","?","R","E","M","T","R","M","M","R","M","R","B"],"character_chosen":"WATCHER","items_purchased":["MealTicket","Protect","BattleHymn"],"campfire_rested":3,"item_purchase_floors":[12,12,27],"current_hp_per_floor":[65,65,58,58,52,52,44,44,44,44,44,44,44,38,38,36,63,63,63,63,63,60,60,21,42,42,57,57,51,51,51,51,41,64,53,40,55,43,43,43,30,30,30,30,9,4,25,13,34,0],"gold":192,"neow_bonus":"REMOVE_CARD","is_prod":false,"is_daily":false,"chose_seed":false,"campfire_upgraded":9,"win_rate":0,"timestamp":1692543424,"path_taken":["M","?","?","M","M","R","M","R","T","?","?","$","R","M","R","BOSS","M","?","?","?","M","R","E","R","T","$","R","E","?","?","R","BOSS","M","M","$","M","?","R","E","M","T","R","?","M","R","M","R","BOSS"],"build_version":"2022-12-18","purchased_purges":3,"victory":false,"max_hp_per_floor":[72,72,72,72,72,72,72,72,72,72,72,72,72,72,72,72,72,72,72,72,72,72,72,72,72,72,72,72,72,72,72,72,72,72,72,72,72,72,72,72,72,72,72,72,72,72,72,72,72,72],"card_choices":[{"not_picked":["Nirvana","SashWhip"],"picked":"Prostrate","floor":1},{"not_picked":["Halt","Collect"],"picked":"Crescendo","floor":2},{"not_picked":["Study","EmptyMind"],"picked":"EmptyFist","floor":4},{"not_picked":["Halt","CrushJoints","BowlingBash"],"picked":"SKIP","floor":5},{"not_picked":["Collect","WreathOfFlame"],"picked":"Prostrate","floor":7},{"not_picked":["CarveReality","SashWhip"],"picked":"Perseverance","floor":10},{"not_picked":["Crescendo","WheelKick"],"picked":"SignatureMove","floor":14},{"not_picked":["Tantrum","Adaptation"],"picked":"Prostrate","floor":18},{"not_picked":["BowlingBash+1","Tantrum","CutThroughFate"],"picked":"SKIP","floor":20},{"not_picked":["JustLucky+1","Halt+1"],"picked":"Study+1","floor":22},{"not_picked":["DeceiveReality","FlyingSleeves","SashWhip+1"],"picked":"SKIP","floor":24},{"not_picked":["FlurryOfBlows","Evaluate","Vault"],"picked":"SKIP","floor":29},{"not_picked":["Alpha","Scrawl"],"picked":"Blasphemy","floor":33},{"not_picked":["EmptyFist+1","ThirdEye","Meditate"],"picked":"SKIP","floor":35},{"not_picked":["EmptyBody+1","FollowUp+1","Prostrate"],"picked":"SKIP","floor":35},{"not_picked":["EmptyFist+1","DevaForm","Crescendo+1"],"picked":"SKIP","floor":36},{"not_picked":["ClearTheMind+1","ReachHeaven+1","FlyingSleeves"],"picked":"SKIP","floor":36},{"not_picked":["SashWhip","CutThroughFate"],"picked":"EmptyMind","floor":38},{"not_picked":["Swivel+1","Nirvana+1","Pray"],"picked":"SKIP","floor":38},{"not_picked":["EmptyFist","JustLucky","TalkToTheHand+1"],"picked":"SKIP","floor":41},{"not_picked":["Worship+1","Swivel+1","Conclude+1"],"picked":"SKIP","floor":42},{"not_picked":["Prostrate","EmptyFist","FlyingSleeves"],"picked":"SKIP","floor":42},{"not_picked":["CutThroughFate","Prostrate","Perseverance"],"picked":"SKIP","floor":45},{"not_picked":["ThirdEye","EmptyFist","Consecrate+1"],"picked":"SKIP","floor":45},{"not_picked":["PathToVictory+1","EmptyFist+1"],"picked":"Establishment","floor":46},{"not_picked":["CutThroughFate","Swivel+1","Prostrate"],"picked":"SKIP","floor":46},{"not_picked":["Vengeance+1","SashWhip","ThirdEye+1"],"picked":"SKIP","floor":48},{"not_picked":["FlyingSleeves","Consecrate+1","ThirdEye+1"],"picked":"SKIP","floor":48}],"player_experience":318890,"relics_obtained":[{"floor":9,"key":"Pantograph"},{"floor":24,"key":"Prayer Wheel"},{"floor":26,"key":"Centennial Puzzle"},{"floor":29,"key":"Ornamental Fan"},{"floor":31,"key":"PreservedInsect"},{"floor":41,"key":"Whetstone"},{"floor":43,"key":"Mummified Hand"}],"event_choices":[{"damage_healed":0,"gold_gain":75,"player_choice":"Touch","damage_taken":7,"max_hp_gain":0,"max_hp_loss":0,"event_name":"FaceTrader","floor":3,"gold_loss":0},{"damage_healed":0,"gold_gain":0,"player_choice":"Ignored","damage_taken":0,"max_hp_gain":0,"max_hp_loss":0,"event_name":"Liars Game","floor":11,"gold_loss":0},{"damage_healed":0,"gold_gain":0,"player_choice":"0 cards matched","damage_taken":0,"max_hp_gain":0,"max_hp_loss":0,"event_name":"Match and Keep!","floor":19,"gold_loss":0,"cards_obtained":[]},{"damage_healed":0,"gold_gain":0,"player_choice":"Ignored","damage_taken":0,"max_hp_gain":0,"max_hp_loss":0,"event_name":"Vampires","floor":21,"gold_loss":0},{"cards_removed":["Strike_P"],"damage_healed":0,"gold_gain":0,"player_choice":"Elegance","damage_taken":0,"max_hp_gain":0,"max_hp_loss":0,"event_name":"Back to Basics","floor":30,"gold_loss":0},{"damage_healed":0,"gold_gain":0,"player_choice":"Bought 0 Potions","damage_taken":0,"max_hp_gain":0,"max_hp_loss":0,"event_name":"The Woman in Blue","floor":39,"gold_loss":0}],"is_beta":false,"boss_relics":[{"not_picked":["Runic Pyramid","VioletLotus"],"picked":"Empty Cage"},{"not_picked":["Pandora\u0027s Box","Calling Bell"],"picked":"Cursed Key"}],"items_purged_floors":[12,27,37],"is_endless":false,"potions_floor_spawned":[4,5,10,16,22,24,35,36,45],"killed_by":"Time Eater","ascension_level":7}