{"gold_per_floor":[119,139,155,155,29,29,44,64,64,64,64,74,89,122,122,217,217,236,251,251],"floor_reached":20,"playtime":1238,"items_purged":["Strike_P"],"score":284,"play_id":"9ff71257-b535-4dc9-9d94-bec7fde36e04","local_time":"20230822192522","is_ascension_mode":true,"campfire_choices":[{"data":"MasterReality","floor":6,"key":"SMITH"},{"data":"SignatureMove","floor":11,"key":"SMITH"},{"data":"Devotion","floor":15,"key":"SMITH"}],"neow_cost":"TEN_PERCENT_HP_LOSS","seed_source_timestamp":1187524873759100,"circlet_count":0,"master_deck":["Strike_P","Strike_P","Defend_P","Defend_P","Defend_P","Defend_P","Eruption","Vigilance","MasterReality+1","DeceiveReality","Pray","SignatureMove+1","ThirdEye","Halt","Devotion+1","WindmillStrike","Devotion","Prostrate"],"relics":["PureWater","Unceasing Top","Question Card","SacredBark"],"potions_floor_usage":[16,16,20],"damage_taken":[{"damage":1,"enemies":"Cultist","floor":1,"turns":3},{"damage":10,"enemies":"2 Louse","floor":2,"turns":3},{"damage":2,"enemies":"Jaw Worm","floor":3,"turns":5},{"damage":0,"enemies":"Large Slime","floor":7,"turns":2},{"damage":2,"enemies":"3 Louse","floor":8,"turns":4},{"damage":0,"enemies":"Looter","floor":12,"turns":4},{"damage":0,"enemies":"2 Fungi Beasts","floor":13,"turns":3},{"damage":12,"enemies":"3 Sentries","floor":14,"turns":8},{"damage":9,"enemies":"The Guardian","floor":16,"turns":10},{"damage":10,"enemies":"Spheric Guardian","floor":18,"turns":5},{"damage":16,"enemies":"2 Thieves","floor":19,"turns":5},{"damage":41,"enemies":"Masked Bandits","floor":20,"turns":3}],"seed_played":"8082418786243011423","potions_obtained":[{"floor":2,"key":"Weak Potion"},{"floor":8,"key":"BottledMiracle"},{"floor":12,"key":"Dexterity Potion"},{"floor":18,"key":"GamblersBrew"}],"is_trial":false,"path_per_floor":["M","M","M","?","$","R","M","M","T","?","R","M","M","E","R","B",null,"M","M","?"],"character_chosen":"WATCHER","items_purchased":["ThirdEye"],"campfire_rested":0,"item_purchase_floors":[5],"current_hp_per_floor":[64,54,52,45,45,45,45,43,43,43,43,43,43,31,31,22,54,44,28,0],"gold":251,"neow_bonus":"THREE_RARE_CARDS","is_prod":false,"is_daily":false,"chose_seed":false,"campfire_upgraded":3,"win_rate":0,"timestamp":1692757522,"path_taken":["M","M","?","?","?","R","M","M","T","?","R","M","M","E","R","BOSS","M","M","?"],"build_version":"2022-12-18","purchased_purges":1,"victory":false,"max_hp_per_floor":[65,65,65,65,65,65,65,65,65,65,65,65,65,65,65,65,65,65,65,65],"card_choices":[{"not_picked":["DeusExMachina","Scrawl"],"picked":"MasterReality","floor":0},{"not_picked":["CutThroughFate","CrushJoints"],"picked":"DeceiveReality","floor":1},{"not_picked":["FlyingSleeves","Conclude"],"picked":"Pray","floor":2},{"not_picked":["CutThroughFate","Consecrate"],"picked":"SignatureMove","floor":3},{"not_picked":["JustLucky","FlurryOfBlows"],"picked":"Halt","floor":7},{"not_picked":["EmptyMind","Halt","Meditate"],"picked":"SKIP","floor":8},{"not_picked":["Collect","Prostrate"],"picked":"Devotion","floor":12},{"not_picked":["Evaluate","InnerPeace","FollowUp"],"picked":"SKIP","floor":13},{"not_picked":["Tantrum","CrushJoints"],"picked":"WindmillStrike","floor":14},{"not_picked":["Alpha","Ragnarok","Vault"],"picked":"Devotion","floor":16},{"not_picked":["WheelKick","Vengeance+1","Wallop","JustLucky"],"picked":"SKIP","floor":18},{"not_picked":["CrushJoints","JustLucky","FollowUp"],"picked":"Prostrate","floor":19}],"player_experience":345177,"relics_obtained":[{"floor":9,"key":"Unceasing Top"},{"floor":14,"key":"Question Card"}],"event_choices":[{"cards_removed":["Strike_P"],"damage_healed":0,"gold_gain":0,"player_choice":"Card Removal","damage_taken":7,"max_hp_gain":0,"max_hp_loss":0,"event_name":"Golden Wing","floor":4,"gold_loss":0},{"damage_healed":0,"gold_gain":0,"player_choice":"Ignored","damage_taken":0,"max_hp_gain":0,"max_hp_loss":0,"event_name":"Liars Game","floor":10,"gold_loss":0},{"damage_healed":0,"gold_gain":0,"player_choice":"Fought Bandits","damage_taken":0,"max_hp_gain":0,"max_hp_loss":0,"event_name":"Masked Bandits","floor":20,"gold_loss":0}],"is_beta":false,"boss_relics":[{"not_picked":["Runic Dome","Astrolabe"],"picked":"SacredBark"}],"items_purged_floors":[5],"is_endless":false,"potions_floor_spawned":[2,8,12,13,14,18],"killed_by":"Masked Bandits","ascension_level":8}