{"gold_per_floor":[211,59,72,72,92,92,106,281,281,292,292,307,307,321,321,321],"floor_reached":16,"playtime":549,"items_purged":[],"score":127,"play_id":"fc200b5b-e73c-4221-b77b-41fabcf55eb2","local_time":"20230820071201","is_ascension_mode":true,"campfire_choices":[{"data":"EmptyFist","floor":6,"key":"SMITH"},{"data":"Devotion","floor":11,"key":"SMITH"},{"data":"Perseverance","floor":13,"key":"SMITH"},{"data":"Protect","floor":15,"key":"SMITH"}],"neow_cost":"NONE","seed_source_timestamp":971413242625200,"circlet_count":0,"master_deck":["Strike_P","Strike_P","Strike_P","Strike_P","Defend_P","Defend_P","Defend_P","Defend_P","Eruption","Vigilance","Perseverance+1","EmptyFist+1","Devotion+1","Protect+1","Doubt"],"relics":["PureWater","Damaru","TeardropLocket"],"potions_floor_usage":[16,16],"damage_taken":[{"damage":3,"enemies":"Jaw Worm","floor":1,"turns":6},{"damage":0,"enemies":"Cultist","floor":3,"turns":2},{"damage":0,"enemies":"2 Louse","floor":5,"turns":3},{"damage":6,"enemies":"Blue Slaver","floor":7,"turns":6},{"damage":0,"enemies":"2 Fungi Beasts","floor":10,"turns":2},{"damage":9,"enemies":"3 Louse","floor":12,"turns":4},{"damage":3,"enemies":"Blue Slaver","floor":14,"turns":5},{"damage":88,"enemies":"Slime Boss","floor":16,"turns":10}],"seed_played":"-4640350885657509018","potions_obtained":[{"floor":1,"key":"SteroidPotion"},{"floor":3,"key":"Strength Potion"},{"floor":5,"key":"FairyPotion"},{"floor":14,"key":"BottledMiracle"}],"is_trial":false,"path_per_floor":["M","$","M","?","M","R","M","?","T","M","R","M","R","M","R","B"],"character_chosen":"WATCHER","items_purchased":["Damaru"],"campfire_rested":0,"item_purchase_floors":[2],"current_hp_per_floor":[62,62,62,67,67,67,61,61,61,61,61,52,52,49,49,0],"gold":321,"neow_bonus":"HUNDRED_GOLD","is_prod":false,"is_daily":false,"chose_seed":false,"campfire_upgraded":4,"win_rate":0,"timestamp":1692540721,"path_taken":["M","$","M","?","M","R","M","?","T","M","R","M","R","M","R","BOSS"],"build_version":"2022-12-18","purchased_purges":0,"victory":false,"max_hp_per_floor":[72,72,72,77,77,77,77,77,77,77,77,77,77,77,77,77],"card_choices":[{"not_picked":["Meditate","SashWhip"],"picked":"Perseverance","floor":1},{"not_picked":["EmptyBody","FollowUp"],"picked":"EmptyFist","floor":3},{"not_picked":["JustLucky","ThirdEye"],"picked":"Devotion","floor":5},{"not_picked":["CrushJoints","BowlingBash"],"picked":"Protect","floor":7},{"not_picked":["EmptyBody","ThirdEye","Adaptation"],"picked":"SKIP","floor":10},{"not_picked":["DeusExMachina","Conclude","PathToVictory"],"picked":"SKIP","floor":12},{"not_picked":["SashWhip","JustLucky","PathToVictory"],"picked":"SKIP","floor":14}],"player_experience":318341,"relics_obtained":[{"floor":9,"key":"TeardropLocket"}],"event_choices":[{"damage_healed":0,"gold_gain":0,"player_choice":"Donut","damage_taken":0,"max_hp_gain":5,"max_hp_loss":0,"event_name":"Big Fish","floor":4,"gold_loss":0},{"damage_healed":0,"gold_gain":175,"player_choice":"AGREE","damage_taken":0,"max_hp_gain":0,"max_hp_loss":0,"event_name":"Liars Game","floor":8,"gold_loss":0,"cards_obtained":["Doubt"]}],"is_beta":false,"boss_relics":[],"items_purged_floors":[],"is_endless":false,"potions_floor_spawned":[1,3,5,14],"killed_by":"Slime Boss","ascension_level":7}