{"gold_per_floor":[111,111,36,54,74,74,88,98,98,80,111,111,125,136,136,234,234,248,5,23,35,45,45,62,62,62,62,73,73,73,73,73,73],"floor_reached":33,"playtime":1707,"items_purged":["Strike_P","Strike_P"],"score":409,"play_id":"8d2d15e8-f37e-4353-b641-8f09819177b9","local_time":"20230820083805","is_ascension_mode":true,"campfire_choices":[{"data":"Eruption","floor":6,"key":"SMITH"},{"data":"Vigilance","floor":12,"key":"SMITH"},{"floor":15,"key":"REST"},{"data":"Devotion","floor":23,"key":"SMITH"},{"floor":27,"key":"REST"},{"floor":32,"key":"REST"}],"neow_cost":"NONE","seed_source_timestamp":975417246757500,"circlet_count":0,"master_deck":["Strike_P+1","Strike_P+1","Defend_P+1","Defend_P+1","Defend_P+1","Eruption+1","Vigilance+1","SignatureMove","Perseverance","BattleHymn","ClearTheMind","Perseverance","Devotion+1","Protect","Perseverance+1"],"relics":["PureWater","Yang","Toy Ornithopter","VioletLotus","Lee\u0027s Waffle","Girya"],"potions_floor_usage":[11,13,18,22,28,33],"damage_taken":[{"damage":0,"enemies":"Small Slimes","floor":1,"turns":2},{"damage":0,"enemies":"Cultist","floor":4,"turns":2},{"damage":0,"enemies":"2 Louse","floor":5,"turns":2},{"damage":16,"enemies":"Exordium Wildlife","floor":7,"turns":5},{"damage":0,"enemies":"3 Louse","floor":8,"turns":3},{"damage":0,"enemies":"Exordium Thugs","floor":10,"turns":4},{"damage":15,"enemies":"3 Sentries","floor":11,"turns":6},{"damage":14,"enemies":"Gremlin Gang","floor":13,"turns":4},{"damage":8,"enemies":"Blue Slaver","floor":14,"turns":2},{"damage":0,"enemies":"Slime Boss","floor":16,"turns":5},{"damage":11,"enemies":"Chosen","floor":18,"turns":6},{"damage":8,"enemies":"Shell Parasite","floor":20,"turns":4},{"damage":6,"enemies":"Chosen and Byrds","floor":21,"turns":8},{"damage":38,"enemies":"Centurion and Healer","floor":22,"turns":7},{"damage":15,"enemies":"Cultist and Chosen","floor":24,"turns":7},{"damage":32,"enemies":"Sentry and Sphere","floor":28,"turns":8},{"damage":61,"enemies":"Automaton","floor":33,"turns":8}],"seed_played":"6252409534836459444","potions_obtained":[{"floor":4,"key":"ColorlessPotion"},{"floor":10,"key":"SkillPotion"},{"floor":11,"key":"Energy Potion"},{"floor":16,"key":"PowerPotion"},{"floor":18,"key":"Block Potion"},{"floor":22,"key":"Swift Potion"},{"floor":24,"key":"Dexterity Potion"}],"is_trial":false,"path_per_floor":["M","?","$","M","M","R","M","M","T","M","E","R","M","M","R","B",null,"M","$","M","M","M","R","M","?","T","R","M","?","?","$","R","B"],"character_chosen":"WATCHER","items_purchased":["Lee\u0027s Waffle"],"campfire_rested":3,"item_purchase_floors":[19],"current_hp_per_floor":[65,65,65,65,65,65,49,49,49,49,34,34,25,17,38,38,64,58,79,71,65,32,32,17,17,17,40,13,13,13,13,36,0],"gold":73,"neow_bonus":"REMOVE_CARD","is_prod":false,"is_daily":false,"chose_seed":false,"campfire_upgraded":3,"win_rate":0,"timestamp":1692545885,"path_taken":["M","?","$","M","M","R","M","M","T","?","E","R","M","M","R","BOSS","M","$","M","M","M","R","M","?","T","R","M","?","?","$","R","BOSS"],"build_version":"2022-12-18","purchased_purges":2,"victory":false,"max_hp_per_floor":[72,72,72,72,72,72,72,72,72,72,72,72,72,72,72,72,72,72,79,79,79,79,79,79,79,79,79,79,79,79,79,79,79],"card_choices":[{"not_picked":["EmptyBody","BowlingBash"],"picked":"SignatureMove","floor":1},{"not_picked":["Fasting2","Pray"],"picked":"Perseverance","floor":4},{"not_picked":["Crescendo","ThirdEye","Fasting2"],"picked":"SKIP","floor":5},{"not_picked":["BowlingBash","LikeWater"],"picked":"BattleHymn","floor":7},{"not_picked":["SashWhip","BowlingBash","Prostrate"],"picked":"SKIP","floor":8},{"not_picked":["Worship","Evaluate"],"picked":"ClearTheMind","floor":10},{"not_picked":["PathToVictory","Swivel","FlyingSleeves"],"picked":"SKIP","floor":11},{"not_picked":["ReachHeaven","JustLucky","Ragnarok"],"picked":"SKIP","floor":13},{"not_picked":["Crescendo","ThirdEye"],"picked":"Perseverance","floor":14},{"not_picked":["Establishment","DevaForm"],"picked":"Devotion","floor":16},{"not_picked":["SashWhip","EmptyFist","JustLucky+1"],"picked":"SKIP","floor":18},{"not_picked":["Evaluate","SashWhip","Tantrum"],"picked":"SKIP","floor":20},{"not_picked":["CutThroughFate+1","EmptyBody","SashWhip+1"],"picked":"SKIP","floor":21},{"not_picked":["Pray","FollowUp+1"],"picked":"Protect","floor":22},{"not_picked":["Adaptation","FlyingSleeves","PathToVictory"],"picked":"SKIP","floor":24},{"not_picked":["ThirdEye","FlurryOfBlows"],"picked":"Perseverance+1","floor":28}],"player_experience":322056,"relics_obtained":[{"floor":9,"key":"Yang"},{"floor":11,"key":"Toy Ornithopter"},{"floor":26,"key":"Girya"}],"event_choices":[{"damage_healed":0,"gold_gain":0,"player_choice":"Bought 0 Potions","damage_taken":0,"max_hp_gain":0,"max_hp_loss":0,"event_name":"The Woman in Blue","floor":2,"gold_loss":0},{"damage_healed":0,"gold_gain":0,"player_choice":"Simplicity","damage_taken":0,"max_hp_gain":0,"max_hp_loss":0,"event_name":"Back to Basics","floor":29,"gold_loss":0,"cards_upgraded":["Strike_P","Strike_P","Defend_P","Defend_P","Defend_P"]},{"damage_healed":0,"gold_gain":0,"player_choice":"0 cards matched","damage_taken":0,"max_hp_gain":0,"max_hp_loss":0,"event_name":"Match and Keep!","floor":30,"gold_loss":0,"cards_obtained":[]}],"is_beta":false,"boss_relics":[{"not_picked":["Runic Dome","Tiny House"],"picked":"VioletLotus"}],"items_purged_floors":[3,19],"is_endless":false,"potions_floor_spawned":[4,10,11,16,18,22,24],"killed_by":"Automaton","ascension_level":7}