{"gold_per_floor":[115,115,40,40,115,143,143,161,161,161,186,211,211,30,30,156,156,140,154,154],"floor_reached":20,"playtime":761,"items_purged":["Defend_P","Strike_P"],"score":215,"play_id":"fbaae45f-ff64-478e-bbb2-b736b1b817da","local_time":"20230818223011","is_ascension_mode":true,"campfire_choices":[{"data":"EmptyFist","floor":7,"key":"SMITH"},{"floor":13,"key":"REST"},{"data":"Adaptation","floor":15,"key":"SMITH"}],"neow_cost":"NONE","seed_source_timestamp":853487997819200,"circlet_count":0,"master_deck":["Strike_P","Strike_P","Strike_P","Defend_P","Defend_P","Defend_P+1","Eruption+1","Vigilance+1","Establishment","EmptyFist+1","EmptyBody","Adaptation+1","Crescendo","LikeWater","Finesse+1","LessonLearned","ClearTheMind+1"],"relics":["PureWater","Kunai","Mango","Golden Idol","Velvet Choker"],"potions_floor_usage":[],"damage_taken":[{"damage":4,"enemies":"2 Louse","floor":1,"turns":2},{"damage":11,"enemies":"Gremlin Nob","floor":6,"turns":4},{"damage":0,"enemies":"Small Slimes","floor":8,"turns":2},{"damage":0,"enemies":"Cultist","floor":11,"turns":2},{"damage":8,"enemies":"Gremlin Gang","floor":12,"turns":5},{"damage":3,"enemies":"The Guardian","floor":16,"turns":12},{"damage":37,"enemies":"2 Thieves","floor":18,"turns":4},{"damage":18,"enemies":"Spheric Guardian","floor":19,"turns":4},{"damage":22,"enemies":"Centurion and Healer","floor":20,"turns":2}],"seed_played":"-8008250672201247147","potions_obtained":[{"floor":6,"key":"Weak Potion"},{"floor":12,"key":"Explosive Potion"},{"floor":19,"key":"SmokeBomb"}],"is_trial":false,"path_per_floor":["M","?","$","?","?","E","R","M","T","?","M","M","R","$","R","B",null,"M","M","M"],"character_chosen":"WATCHER","items_purchased":["Finesse"],"campfire_rested":1,"item_purchase_floors":[14],"current_hp_per_floor":[68,54,54,54,43,32,32,32,46,25,25,17,42,42,42,39,74,37,19,0],"gold":154,"neow_bonus":"ONE_RANDOM_RARE_CARD","is_prod":false,"is_daily":false,"chose_seed":false,"campfire_upgraded":2,"win_rate":0,"timestamp":1692423011,"path_taken":["M","?","$","?","?","E","R","M","T","?","M","M","R","?","R","BOSS","M","M","M"],"build_version":"2022-12-18","purchased_purges":2,"victory":false,"max_hp_per_floor":[72,72,72,72,72,72,72,72,86,86,86,86,86,86,86,86,86,86,86,86],"card_choices":[{"not_picked":["Consecrate","BowlingBash"],"picked":"EmptyFist","floor":1},{"not_picked":["Conclude","CutThroughFate"],"picked":"EmptyBody","floor":6},{"not_picked":["Indignation","FollowUp"],"picked":"Adaptation","floor":8},{"not_picked":["WheelKick","CutThroughFate"],"picked":"Crescendo","floor":11},{"not_picked":["PathToVictory","WindmillStrike"],"picked":"LikeWater","floor":12},{"not_picked":["Vault","Scrawl"],"picked":"LessonLearned","floor":16},{"not_picked":["FlyingSleeves","PathToVictory","EmptyBody"],"picked":"SKIP","floor":18},{"not_picked":["EmptyBody","SashWhip+1"],"picked":"ClearTheMind+1","floor":19}],"player_experience":291763,"relics_obtained":[{"floor":6,"key":"Kunai"},{"floor":9,"key":"Mango"}],"event_choices":[{"damage_healed":0,"gold_gain":0,"player_choice":"Entered Light","damage_taken":14,"max_hp_gain":0,"max_hp_loss":0,"event_name":"Shining Light","floor":2,"gold_loss":0,"cards_upgraded":["Eruption","Defend_P"]},{"damage_healed":0,"gold_gain":0,"player_choice":"Grow","damage_taken":0,"max_hp_gain":0,"max_hp_loss":0,"event_name":"Living Wall","floor":4,"gold_loss":0,"cards_upgraded":["Vigilance"]},{"damage_healed":0,"gold_gain":75,"player_choice":"Gather Gold","damage_taken":11,"max_hp_gain":0,"max_hp_loss":0,"event_name":"World of Goop","floor":5,"gold_loss":0},{"damage_healed":0,"gold_gain":0,"player_choice":"Take Damage","damage_taken":21,"relics_obtained":["Golden Idol"],"max_hp_gain":0,"max_hp_loss":0,"event_name":"Golden Idol","floor":10,"gold_loss":0}],"is_beta":false,"boss_relics":[{"not_picked":["Runic Dome","Cursed Key"],"picked":"Velvet Choker"}],"items_purged_floors":[3,14],"is_endless":false,"potions_floor_spawned":[6,12,19],"killed_by":"Centurion and Healer","ascension_level":5}