{"gold_per_floor":[209,219,72,88,98,98,130,130,178,178,178,188,206,221,221,326,326,339,358,358,37,52,78,78,105,105,118,118,131,146,71,71,172,172,186,201,218,218],"floor_reached":38,"playtime":2455,"items_purged":["Defend_P"],"score":658,"play_id":"357e364d-922e-422c-bb4e-117e70bab4ce","local_time":"20230825010415","is_ascension_mode":true,"campfire_choices":[{"data":"Eruption","floor":6,"key":"SMITH"},{"data":"EmptyBody","floor":8,"key":"SMITH"},{"floor":10,"key":"REST"},{"data":"MentalFortress","floor":15,"key":"SMITH"},{"floor":24,"key":"REST"},{"data":"Apotheosis","floor":28,"key":"SMITH"},{"floor":32,"key":"REST"}],"neow_cost":"NONE","seed_source_timestamp":1379444787345200,"circlet_count":0,"master_deck":["AscendersBane","Strike_P","Strike_P","Strike_P","Defend_P","Defend_P","Defend_P","Eruption+1","Vigilance","EmptyBody+1","Protect","Devotion","MentalFortress+1","DevaForm","Tantrum+1","Sanctity","EmptyBody+1","Apotheosis+1","LikeWater","EmptyFist","MasterReality","WindmillStrike+1","Prostrate+1","Brilliance","Protect+1","Meditate+1"],"relics":["HolyWater","Toolbox","Pear","Smiling Mask","Tiny Chest","Regal Pillow","Strawberry","SacredBark"],"potions_floor_usage":[7,25,35,37,37,38],"damage_taken":[{"damage":0,"enemies":"2 Louse","floor":1,"turns":1},{"damage":4,"enemies":"Jaw Worm","floor":2,"turns":5},{"damage":0,"enemies":"Cultist","floor":4,"turns":3},{"damage":1,"enemies":"Exordium Thugs","floor":5,"turns":6},{"damage":36,"enemies":"Lagavulin","floor":7,"turns":9},{"damage":0,"enemies":"2 Fungi Beasts","floor":12,"turns":2},{"damage":1,"enemies":"Large Slime","floor":13,"turns":6},{"damage":13,"enemies":"3 Louse","floor":14,"turns":5},{"damage":29,"enemies":"The Guardian","floor":16,"turns":22},{"damage":6,"enemies":"3 Byrds","floor":18,"turns":3},{"damage":9,"enemies":"Shell Parasite","floor":19,"turns":8},{"damage":5,"enemies":"Centurion and Healer","floor":22,"turns":7},{"damage":20,"enemies":"Book of Stabbing","floor":23,"turns":7},{"damage":21,"enemies":"Gremlin Leader","floor":25,"turns":9},{"damage":6,"enemies":"Chosen and Byrds","floor":27,"turns":6},{"damage":38,"enemies":"Cultist and Chosen","floor":29,"turns":9},{"damage":1,"enemies":"Snake Plant","floor":30,"turns":5},{"damage":36,"enemies":"Automaton","floor":33,"turns":9},{"damage":4,"enemies":"Orb Walker","floor":35,"turns":4},{"damage":7,"enemies":"3 Darklings","floor":36,"turns":5},{"damage":60,"enemies":"Jaw Worm Horde","floor":37,"turns":6},{"damage":6,"enemies":"Transient","floor":38,"turns":2}],"seed_played":"9178023608992234244","potions_obtained":[{"floor":2,"key":"GamblersBrew"},{"floor":7,"key":"SteroidPotion"},{"floor":12,"key":"FairyPotion"},{"floor":16,"key":"FearPotion"},{"floor":22,"key":"PowerPotion"},{"floor":27,"key":"Ambrosia"},{"floor":33,"key":"StancePotion"},{"floor":35,"key":"Weak Potion"},{"floor":37,"key":"Energy Potion"}],"is_trial":false,"path_per_floor":["M","M","$","M","M","R","E","R","T","R","?","M","M","M","R","B",null,"M","M","?","$","M","E","R","E","T","M","R","M","M","?","R","B",null,"M","M","M","M"],"character_chosen":"WATCHER","items_purchased":["Toolbox","Apotheosis","LikeWater"],"campfire_rested":3,"item_purchase_floors":[3,21,21],"current_hp_per_floor":[65,61,61,61,60,60,34,34,34,58,58,58,57,44,44,15,65,59,50,50,50,45,25,49,28,35,29,29,24,23,23,64,28,74,70,63,3,0],"gold":218,"neow_bonus":"HUNDRED_GOLD","is_prod":false,"is_daily":false,"chose_seed":false,"campfire_upgraded":4,"win_rate":0,"timestamp":1692950655,"path_taken":["M","M","$","M","M","R","E","R","T","R","?","M","M","M","R","BOSS","M","M","?","?","M","E","R","E","T","M","R","?","M","?","R","BOSS","M","M","M","M"],"build_version":"2022-12-18","purchased_purges":1,"victory":false,"max_hp_per_floor":[72,72,72,72,72,72,82,82,82,82,82,82,82,82,82,82,82,82,82,82,82,82,82,82,82,89,89,89,89,89,89,89,89,89,89,89,89,89],"card_choices":[{"not_picked":["CrushJoints","FlurryOfBlows"],"picked":"EmptyBody","floor":1},{"not_picked":["ThirdEye","FollowUp","Wallop"],"picked":"SKIP","floor":2},{"not_picked":["Vengeance","BowlingBash","CrushJoints"],"picked":"SKIP","floor":4},{"not_picked":["Vengeance","TalkToTheHand","FlyingSleeves"],"picked":"SKIP","floor":5},{"not_picked":["InnerPeace","Adaptation","Vengeance"],"picked":"SKIP","floor":7},{"not_picked":["BowlingBash","ThirdEye"],"picked":"Protect","floor":12},{"not_picked":["Protect","Evaluate"],"picked":"Devotion","floor":13},{"not_picked":["FollowUp","SashWhip"],"picked":"MentalFortress","floor":14},{"not_picked":["Alpha","Vault"],"picked":"DevaForm","floor":16},{"not_picked":["PathToVictory+1","SashWhip"],"picked":"Tantrum+1","floor":18},{"not_picked":["Weave","Protect"],"picked":"Sanctity","floor":19},{"not_picked":["CutThroughFate+1","Wallop+1"],"picked":"EmptyFist","floor":22},{"not_picked":["CrushJoints+1","BowlingBash"],"picked":"MasterReality","floor":23},{"not_picked":["Study","BowlingBash"],"picked":"WindmillStrike+1","floor":25},{"not_picked":["ThirdEye","TalkToTheHand+1","BowlingBash+1"],"picked":"SKIP","floor":27},{"not_picked":["Consecrate","FlyingSleeves","JustLucky+1"],"picked":"SKIP","floor":29},{"not_picked":["Wireheading","SashWhip+1"],"picked":"Prostrate+1","floor":30},{"not_picked":["Vault","Establishment"],"picked":"Brilliance","floor":33},{"not_picked":["CrushJoints+1","FollowUp"],"picked":"Protect+1","floor":35},{"not_picked":["InnerPeace","FlurryOfBlows"],"picked":"Meditate+1","floor":36},{"not_picked":["FearNoEvil+1","Wireheading+1","FlurryOfBlows"],"picked":"SKIP","floor":37}],"player_experience":372904,"relics_obtained":[{"floor":7,"key":"Pear"},{"floor":9,"key":"Smiling Mask"},{"floor":23,"key":"Tiny Chest"},{"floor":25,"key":"Regal Pillow"},{"floor":26,"key":"Strawberry"}],"event_choices":[{"damage_healed":0,"gold_gain":0,"player_choice":"Ignored","damage_taken":0,"max_hp_gain":0,"max_hp_loss":0,"event_name":"Liars Game","floor":11,"gold_loss":0},{"damage_healed":0,"gold_gain":0,"player_choice":"Copied","damage_taken":0,"max_hp_gain":0,"max_hp_loss":0,"event_name":"Duplicator","floor":20,"gold_loss":0,"cards_obtained":["EmptyBody"]},{"cards_removed":["Strike_P"],"damage_healed":0,"gold_gain":0,"player_choice":"Gave Gold","damage_taken":0,"max_hp_gain":0,"max_hp_loss":0,"event_name":"Beggar","floor":31,"gold_loss":75}],"is_beta":false,"boss_relics":[{"not_picked":["Empty Cage","Runic Pyramid"],"picked":"HolyWater"},{"not_picked":["VioletLotus","Philosopher\u0027s Stone"],"picked":"SacredBark"}],"items_purged_floors":[21],"is_endless":false,"potions_floor_spawned":[2,7,12,16,22,23,27,33,35,37],"killed_by":"Transient","ascension_level":10}