{"gold_per_floor":[113,213,229,240,17,17,33,33,56,70,86,86,86,96,96,201,201,215,215,215,215,231,231,263,263,318,318,2,28,28,128,128,230,230,241,291,315,315,315,341,341,375,375,375,389,42,55,85,97,109],"floor_reached":51,"playtime":4158,"items_purged":["Defend_P","Defend_P"],"score":876,"play_id":"91a0d14f-a9a6-40ec-b5f5-4eef74c6ed21","local_time":"20230817011217","is_ascension_mode":true,"campfire_choices":[{"data":"Collect","floor":6,"key":"SMITH"},{"data":"Eruption","floor":8,"key":"SMITH"},{"data":"MentalFortress","floor":12,"key":"SMITH"},{"data":"BattleHymn","floor":15,"key":"SMITH"},{"data":"MasterReality","floor":23,"key":"SMITH"},{"data":"WaveOfTheHand","floor":25,"key":"SMITH"},{"data":"Protect","floor":27,"key":"SMITH"},{"floor":32,"key":"REST"},{"floor":41,"key":"REST"},{"data":"MentalFortress","floor":44,"key":"SMITH"},{"floor":49,"key":"REST"}],"neow_cost":"NONE","seed_source_timestamp":686986361516600,"circlet_count":0,"master_deck":["Strike_P","Strike_P","Defend_P","Defend_P","Eruption+1","Vigilance","Collect+1","Meditate","MentalFortress+1","ClearTheMind","BattleHymn+1","Crescendo","WaveOfTheHand+1","MasterReality+1","Crescendo","J.A.X.","EmptyBody","Protect+1","LikeWater","InnerPeace+1","Protect","Worship+1","Madness","Madness","Bandage Up","MentalFortress+1","EmptyFist+1"],"relics":["PureWater","Anchor","Blood Vial","Juzu Bracelet","SlaversCollar","Tiny Chest","PreservedInsect","Bottled Tornado","TungstenRod","Du-Vu Doll","TeardropLocket","Empty Cage","Dead Branch","Oddly Smooth Stone","Regal Pillow","Omamori","Singing Bowl","Eternal Feather","MawBank"],"potions_floor_usage":[31,31,47,50,50,50],"damage_taken":[{"damage":0,"enemies":"Small Slimes","floor":1,"turns":4},{"damage":0,"enemies":"Cultist","floor":3,"turns":2},{"damage":0,"enemies":"Jaw Worm","floor":4,"turns":5},{"damage":12,"enemies":"3 Louse","floor":7,"turns":5},{"damage":0,"enemies":"Gremlin Gang","floor":10,"turns":4},{"damage":1,"enemies":"2 Fungi Beasts","floor":11,"turns":3},{"damage":3,"enemies":"Looter","floor":14,"turns":4},{"damage":11,"enemies":"The Guardian","floor":16,"turns":9},{"damage":12,"enemies":"2 Thieves","floor":18,"turns":4},{"damage":16,"enemies":"Spheric Guardian","floor":22,"turns":4},{"damage":13,"enemies":"Book of Stabbing","floor":24,"turns":5},{"damage":11,"enemies":"Gremlin Leader","floor":29,"turns":4},{"damage":9,"enemies":"Colosseum Slavers","floor":31,"turns":5},{"damage":3,"enemies":"Colosseum Nobs","floor":31,"turns":4},{"damage":7,"enemies":"Automaton","floor":33,"turns":11},{"damage":13,"enemies":"3 Shapes","floor":35,"turns":5},{"damage":0,"enemies":"Mind Bloom Boss Battle","floor":36,"turns":9},{"damage":42,"enemies":"Nemesis","floor":40,"turns":7},{"damage":18,"enemies":"Reptomancer","floor":42,"turns":7},{"damage":5,"enemies":"Orb Walker","floor":45,"turns":4},{"damage":2,"enemies":"Transient","floor":47,"turns":5},{"damage":17,"enemies":"Nemesis","floor":48,"turns":7},{"damage":55,"enemies":"Awakened One","floor":50,"turns":10}],"seed_played":"-505852400918622524","potions_obtained":[{"floor":3,"key":"SpeedPotion"},{"floor":4,"key":"Strength Potion"},{"floor":7,"key":"Fire Potion"},{"floor":10,"key":"AttackPotion"},{"floor":18,"key":"Strength Potion"},{"floor":24,"key":"Weak Potion"},{"floor":33,"key":"Ambrosia"},{"floor":36,"key":"AttackPotion"},{"floor":45,"key":"StancePotion"},{"floor":48,"key":"DuplicationPotion"}],"is_trial":false,"path_per_floor":["M","?","M","M","$","R","M","R","T","M","M","R","?","M","R","B",null,"M","?","?","?","M","R","E","R","T","R","$","E","?","?","R","B",null,"M","?","T","?","?","E","R","E","T","R","M","$","M","E","R","B",null],"character_chosen":"WATCHER","items_purchased":["Anchor","Bottled Tornado","LikeWater","Eternal Feather"],"campfire_rested":3,"item_purchase_floors":[5,28,28,46],"current_hp_per_floor":[79,79,79,79,79,79,67,67,67,69,70,70,58,57,57,48,79,67,67,67,67,53,53,42,42,42,42,42,33,33,25,48,43,79,66,68,68,59,59,23,61,49,49,49,48,48,54,45,85,34],"gold":121,"neow_bonus":"TEN_PERCENT_HP_BONUS","is_prod":false,"is_daily":false,"chose_seed":false,"campfire_upgraded":8,"win_rate":0,"timestamp":1692259937,"path_taken":["M","?","M","M","?","R","M","R","T","M","M","R","?","M","R","BOSS","M","?","?","?","M","R","E","R","T","R","$","E","?","?","R","BOSS","M","?","?","?","?","E","R","E","T","R","M","$","M","E","R","BOSS"],"build_version":"2022-12-18","purchased_purges":2,"victory":true,"max_hp_per_floor":[79,79,79,79,79,79,79,79,79,79,79,79,79,79,79,79,79,79,79,79,79,79,79,79,79,79,79,79,79,79,79,79,79,79,79,79,79,79,79,79,79,79,79,79,81,81,83,85,85,85],"card_choices":[{"not_picked":["FlyingSleeves","Halt"],"picked":"Collect","floor":1},{"not_picked":["Conclude","Consecrate"],"picked":"Meditate","floor":3},{"not_picked":["Nirvana","Evaluate"],"picked":"MentalFortress","floor":4},{"not_picked":["FlurryOfBlows","FlyingSleeves"],"picked":"ClearTheMind","floor":7},{"not_picked":["EmptyMind","Adaptation"],"picked":"BattleHymn","floor":10},{"not_picked":["FlurryOfBlows","FollowUp"],"picked":"Crescendo","floor":11},{"not_picked":["JustLucky","CutThroughFate"],"picked":"WaveOfTheHand","floor":14},{"not_picked":["Alpha","Wish"],"picked":"MasterReality","floor":16},{"not_picked":["CutThroughFate","FollowUp"],"picked":"Crescendo","floor":18},{"not_picked":["FlyingSleeves+1","Nirvana","WaveOfTheHand"],"picked":"SKIP","floor":22},{"not_picked":["Adaptation","ThirdEye"],"picked":"Protect","floor":24},{"not_picked":["Scrawl","Protect"],"picked":"InnerPeace+1","floor":29},{"not_picked":["Evaluate+1","FearNoEvil+1"],"picked":"Protect","floor":35},{"not_picked":["SashWhip+1","ThirdEye+1"],"picked":"Worship+1","floor":36},{"not_picked":["Panacea","Panache"],"picked":"Bandage Up","floor":39},{"not_picked":["SandsOfTime+1","Halt+1"],"picked":"MentalFortress","floor":40},{"not_picked":["ThirdEye+1","Wallop"],"picked":"EmptyFist+1","floor":42},{"not_picked":["Prostrate","FearNoEvil","ThirdEye"],"picked":"Singing Bowl","floor":45},{"not_picked":["Crescendo","ClearTheMind","FlyingSleeves"],"picked":"Singing Bowl","floor":47},{"not_picked":["Omniscience","EmptyFist","WreathOfFlame+1"],"picked":"Singing Bowl","floor":48}],"player_experience":273019,"relics_obtained":[{"floor":9,"key":"Blood Vial"},{"floor":24,"key":"Tiny Chest"},{"floor":26,"key":"PreservedInsect"},{"floor":29,"key":"TungstenRod"},{"floor":31,"key":"Du-Vu Doll"},{"floor":31,"key":"TeardropLocket"},{"floor":36,"key":"Dead Branch"},{"floor":37,"key":"Oddly Smooth Stone"},{"floor":40,"key":"Regal Pillow"},{"floor":42,"key":"Omamori"},{"floor":43,"key":"Singing Bowl"},{"floor":48,"key":"MawBank"}],"event_choices":[{"damage_healed":0,"gold_gain":100,"player_choice":"Pray","damage_taken":0,"max_hp_gain":0,"max_hp_loss":0,"event_name":"Golden Shrine","floor":2,"gold_loss":0},{"damage_healed":0,"gold_gain":0,"player_choice":"Success","damage_taken":12,"relics_obtained":["Juzu Bracelet"],"max_hp_gain":0,"max_hp_loss":0,"event_name":"Scrap Ooze","floor":13,"gold_loss":0},{"damage_healed":0,"gold_gain":0,"player_choice":"Obtain J.A.X.","damage_taken":0,"max_hp_gain":0,"max_hp_loss":0,"event_name":"Drug Dealer","floor":19,"gold_loss":0,"cards_obtained":["J.A.X."]},{"damage_healed":0,"gold_gain":0,"player_choice":"Read","damage_taken":0,"max_hp_gain":0,"max_hp_loss":0,"event_name":"The Library","floor":20,"gold_loss":0,"cards_obtained":["EmptyBody"]},{"damage_healed":0,"gold_gain":0,"player_choice":"Got Potions","damage_taken":0,"max_hp_gain":0,"max_hp_loss":0,"event_name":"Lab","floor":21,"gold_loss":0},{"damage_healed":0,"gold_gain":0,"player_choice":"Fight","damage_taken":0,"max_hp_gain":0,"max_hp_loss":0,"event_name":"Colosseum","floor":31,"gold_loss":0},{"damage_healed":0,"gold_gain":0,"player_choice":"Fought Nobs","damage_taken":0,"max_hp_gain":0,"max_hp_loss":0,"event_name":"Colosseum","floor":31,"gold_loss":0},{"damage_healed":0,"gold_gain":0,"player_choice":"Fight","damage_taken":0,"max_hp_gain":0,"max_hp_loss":0,"event_name":"MindBloom","floor":36,"gold_loss":0},{"damage_healed":0,"gold_gain":0,"player_choice":"Embrace Madness","damage_taken":10,"max_hp_gain":0,"max_hp_loss":0,"event_name":"Winding Halls","floor":38,"gold_loss":0,"cards_obtained":["Madness","Madness"]},{"damage_healed":0,"gold_gain":0,"player_choice":"Memory 1","damage_taken":0,"max_hp_gain":0,"max_hp_loss":0,"event_name":"SensoryStone","floor":39,"gold_loss":0}],"is_beta":false,"boss_relics":[{"not_picked":["Cursed Key","Fusion Hammer"],"picked":"SlaversCollar"},{"not_picked":["Velvet Choker","Coffee Dripper"],"picked":"Empty Cage"}],"items_purged_floors":[5,46],"is_endless":false,"potions_floor_spawned":[3,4,7,10,18,24,29,31,33,36,45,48],"ascension_level":4}