{"gold_per_floor":[113,127,127,143,156,106,131,131,131,142,142,142,142,186,186,312,312,325,325,335,109,49,82,82,96,150,184,194,223,322,339,339,443,443,455,455,474,488,488,488,513,513,513,528,555,569,321,23,23,23],"floor_reached":51,"playtime":3191,"items_purged":["Strike_P","Strike_P","Defend_P"],"score":1130,"play_id":"fd6cb807-84fe-4274-a5ac-a55d16c5bdf2","local_time":"20230819180054","is_ascension_mode":true,"campfire_choices":[{"floor":8,"key":"REST"},{"data":"Apotheosis","floor":11,"key":"SMITH"},{"floor":13,"key":"REST"},{"data":"BattleHymn","floor":15,"key":"SMITH"},{"data":"Devotion","floor":24,"key":"SMITH"},{"data":"MentalFortress","floor":32,"key":"SMITH"},{"floor":40,"key":"REST"},{"floor":42,"key":"REST"},{"floor":49,"key":"REST"}],"neow_cost":"TEN_PERCENT_HP_LOSS","seed_source_timestamp":921289815915200,"circlet_count":0,"master_deck":["Strike_P+1","Defend_P","Defend_P","Eruption","Vigilance","Apotheosis+1","Prostrate","ThirdEye","BattleHymn+1","Protect","EmptyFist+1","Crescendo+1","Devotion+1","DeceiveReality+1","MentalFortress+1","ClearTheMind+1","EmptyBody+1","Prostrate+1","DevaForm","EmptyMind+1","Prostrate+1","Brilliance","MentalFortress","Panacea+1"],"relics":["PureWater","Bag of Preparation","Toxic Egg 2","Bloody Idol","TungstenRod","Philosopher\u0027s Stone","Blood Vial","Tiny Chest","Pen Nib","Oddly Smooth Stone","Whetstone","Sozu","Yang","Bronze Scales","Strawberry","Mango","Centennial Puzzle"],"potions_floor_usage":[5,29,50,50,50],"damage_taken":[{"damage":0,"enemies":"Small Slimes","floor":1,"turns":3},{"damage":0,"enemies":"Cultist","floor":2,"turns":4},{"damage":0,"enemies":"2 Louse","floor":4,"turns":3},{"damage":13,"enemies":"Exordium Wildlife","floor":5,"turns":4},{"damage":70,"enemies":"Gremlin Nob","floor":7,"turns":7},{"damage":0,"enemies":"Looter","floor":10,"turns":4},{"damage":0,"enemies":"Lagavulin","floor":14,"turns":3},{"damage":0,"enemies":"Slime Boss","floor":16,"turns":4},{"damage":8,"enemies":"2 Thieves","floor":18,"turns":3},{"damage":0,"enemies":"Shell Parasite","floor":20,"turns":3},{"damage":2,"enemies":"Book of Stabbing","floor":23,"turns":4},{"damage":0,"enemies":"Centurion and Healer","floor":25,"turns":4},{"damage":27,"enemies":"Slavers","floor":27,"turns":8},{"damage":8,"enemies":"Snake Plant","floor":28,"turns":5},{"damage":18,"enemies":"Gremlin Leader","floor":29,"turns":5},{"damage":1,"enemies":"Sentry and Sphere","floor":31,"turns":4},{"damage":9,"enemies":"Automaton","floor":33,"turns":9},{"damage":15,"enemies":"Orb Walker","floor":35,"turns":4},{"damage":18,"enemies":"3 Darklings","floor":37,"turns":5},{"damage":37,"enemies":"Transient","floor":38,"turns":5},{"damage":0,"enemies":"Giant Head","floor":41,"turns":9},{"damage":0,"enemies":"Spire Growth","floor":44,"turns":5},{"damage":33,"enemies":"Reptomancer","floor":45,"turns":7},{"damage":6,"enemies":"Writhing Mass","floor":46,"turns":5},{"damage":5,"enemies":"Awakened One","floor":50,"turns":8}],"seed_played":"2978748439494620320","potions_obtained":[{"floor":2,"key":"Block Potion"},{"floor":5,"key":"FairyPotion"},{"floor":14,"key":"Dexterity Potion"},{"floor":16,"key":"Swift Potion"},{"floor":23,"key":"StancePotion"},{"floor":25,"key":"DuplicationPotion"},{"floor":31,"key":"AttackPotion"}],"is_trial":false,"path_per_floor":["M","M","?","M","M","?","E","R","T","M","R","?","R","E","R","B",null,"M","?","M","$","?","E","R","M","T","E","M","E","?","M","R","B",null,"M","?","M","M","T","R","E","R","T","M","E","M","$","$","R","B",null],"character_chosen":"WATCHER","items_purchased":["Blood Vial","Centennial Puzzle","MentalFortress","Panacea+1"],"campfire_rested":5,"item_purchase_floors":[21,47,48,48],"current_hp_per_floor":[65,65,65,65,52,52,19,38,38,38,38,22,41,41,41,41,59,51,51,56,56,56,61,61,65,65,43,42,31,36,42,42,40,59,51,51,40,10,10,29,36,55,62,69,57,58,58,58,83,80],"gold":23,"neow_bonus":"RANDOM_COLORLESS_2","is_prod":false,"is_daily":false,"chose_seed":false,"campfire_upgraded":4,"win_rate":0,"timestamp":1692493254,"path_taken":["M","M","?","?","M","?","E","R","T","M","R","?","R","E","R","BOSS","M","?","M","$","?","E","R","?","T","E","M","E","?","M","R","BOSS","M","?","M","M","?","R","E","R","T","?","E","M","?","$","R","BOSS"],"build_version":"2022-12-18","purchased_purges":3,"victory":true,"max_hp_per_floor":[65,65,65,65,65,65,65,65,65,65,65,65,65,65,65,65,65,65,65,65,65,65,65,65,65,65,65,65,65,65,65,65,65,65,65,65,65,65,65,65,65,65,72,72,86,86,86,86,86,86],"card_choices":[{"not_picked":["Transmutation","Secret Technique"],"picked":"Apotheosis","floor":0},{"not_picked":["JustLucky","CutThroughFate","TalkToTheHand"],"picked":"SKIP","floor":1},{"not_picked":["Protect","CarveReality"],"picked":"Prostrate","floor":2},{"not_picked":["FlyingSleeves","Halt"],"picked":"BattleHymn","floor":4},{"not_picked":["ThirdEye","PathToVictory"],"picked":"Protect","floor":5},{"not_picked":["BowlingBash","JustLucky"],"picked":"EmptyFist","floor":7},{"not_picked":["ConjureBlade+1","Consecrate","Fasting2"],"picked":"SKIP","floor":10},{"not_picked":["Weave","Judgement+1"],"picked":"Crescendo+1","floor":14},{"not_picked":["Establishment","LessonLearned"],"picked":"Devotion","floor":16},{"not_picked":["EmptyMind+1","JustLucky"],"picked":"DeceiveReality+1","floor":18},{"not_picked":["ReachHeaven+1","FearNoEvil","Tantrum"],"picked":"SKIP","floor":20},{"not_picked":["CrushJoints","EmptyFist","WindmillStrike"],"picked":"SKIP","floor":23},{"not_picked":["WreathOfFlame+1","ThirdEye+1"],"picked":"MentalFortress","floor":25},{"not_picked":["Halt+1","BowlingBash"],"picked":"ClearTheMind+1","floor":27},{"not_picked":["DeusExMachina+1","FollowUp+1","JustLucky"],"picked":"SKIP","floor":28},{"not_picked":["PathToVictory+1","EmptyFist"],"picked":"EmptyBody+1","floor":29},{"not_picked":["FlyingSleeves+1","EmptyMind+1"],"picked":"Prostrate+1","floor":31},{"not_picked":["Alpha+1","Wish+1"],"picked":"DevaForm","floor":33},{"not_picked":["FlyingSleeves+1","EmptyBody+1","BattleHymn"],"picked":"SKIP","floor":35},{"not_picked":["Halt+1","Evaluate+1"],"picked":"EmptyMind+1","floor":37},{"not_picked":["Adaptation+1","PathToVictory+1","Vengeance+1"],"picked":"SKIP","floor":38},{"not_picked":["FearNoEvil","Halt+1"],"picked":"Prostrate+1","floor":41},{"not_picked":["CrushJoints+1","CutThroughFate","ForeignInfluence+1"],"picked":"SKIP","floor":44},{"not_picked":["Indignation+1","CutThroughFate","CrushJoints"],"picked":"SKIP","floor":45},{"not_picked":["Evaluate+1","FlyingSleeves"],"picked":"Brilliance","floor":46}],"player_experience":306161,"relics_obtained":[{"floor":7,"key":"Bag of Preparation"},{"floor":9,"key":"Toxic Egg 2"},{"floor":14,"key":"TungstenRod"},{"floor":23,"key":"Tiny Chest"},{"floor":26,"key":"Pen Nib"},{"floor":27,"key":"Oddly Smooth Stone"},{"floor":29,"key":"Whetstone"},{"floor":39,"key":"Yang"},{"floor":41,"key":"Bronze Scales"},{"floor":43,"key":"Strawberry"},{"floor":45,"key":"Mango"}],"event_choices":[{"damage_healed":0,"gold_gain":0,"player_choice":"1 cards matched","damage_taken":0,"max_hp_gain":0,"max_hp_loss":0,"event_name":"Match and Keep!","floor":3,"gold_loss":0,"cards_obtained":["ThirdEye"]},{"cards_removed":["Defend_P"],"damage_healed":0,"gold_gain":0,"player_choice":"Card Removal","damage_taken":0,"max_hp_gain":0,"max_hp_loss":0,"event_name":"The Cleric","floor":6,"gold_loss":50},{"damage_healed":0,"gold_gain":0,"player_choice":"Take Damage","damage_taken":16,"relics_obtained":["Golden Idol"],"max_hp_gain":0,"max_hp_loss":0,"event_name":"Golden Idol","floor":12,"gold_loss":0},{"damage_healed":0,"gold_gain":0,"player_choice":"Gave Idol","damage_taken":0,"relics_obtained":["Bloody Idol"],"max_hp_gain":0,"max_hp_loss":0,"event_name":"Forgotten Altar","floor":19,"relics_lost":["Golden Idol"],"gold_loss":0},{"cards_removed":["Strike_P"],"damage_healed":0,"gold_gain":0,"player_choice":"Single Remove","damage_taken":0,"max_hp_gain":0,"max_hp_loss":0,"event_name":"Designer","floor":22,"gold_loss":60},{"damage_healed":0,"gold_gain":99,"player_choice":"Stole From Cult","damage_taken":0,"max_hp_gain":0,"max_hp_loss":0,"event_name":"Nest","floor":30,"gold_loss":0},{"damage_healed":0,"gold_gain":0,"player_choice":"Ignored","damage_taken":0,"max_hp_gain":0,"max_hp_loss":0,"event_name":"Tomb of Lord Red Mask","floor":36,"gold_loss":0}],"is_beta":false,"boss_relics":[{"not_picked":["Velvet Choker","Ectoplasm"],"picked":"Philosopher\u0027s Stone"},{"not_picked":["HolyWater","Tiny House"],"picked":"Sozu"}],"items_purged_floors":[21,47,48],"is_endless":false,"potions_floor_spawned":[2,5,14,16,23,25,31,35,41,45],"ascension_level":6}