{"gold_per_floor":[115,40,57,71,86,86,86,86,86,113,113,132,84,96,96,194,194,176,195,195,294,304,304,333,333,358,358,358],"floor_reached":28,"playtime":1351,"items_purged":["Defend_P"],"score":380,"play_id":"9f6207d1-c7e3-456a-99ca-378707568ea8","local_time":"20230820090051","is_ascension_mode":true,"campfire_choices":[{"data":"Prostrate","floor":6,"key":"SMITH"},{"data":"Pray","floor":8,"key":"SMITH"},{"data":"FollowUp","floor":11,"key":"SMITH"},{"floor":15,"key":"REST"},{"floor":23,"key":"REST"},{"floor":25,"key":"REST"}],"neow_cost":"PERCENT_DAMAGE","seed_source_timestamp":977140978309400,"circlet_count":0,"master_deck":["Defend_P","Defend_P","Defend_P","Vigilance","Pray+1","Perseverance","Prostrate+1","MentalFortress","FollowUp+1","WindmillStrike","EmptyBody","Worship","Brilliance","Prostrate","Prostrate","Bite","Bite","Bite","Bite","Bite"],"relics":["PureWater","Unceasing Top","Question Card","Black Star","Bird Faced Urn","Frozen Egg 2","MealTicket"],"potions_floor_usage":[5,16,22,22,22,22,24,24,28],"damage_taken":[{"damage":0,"enemies":"2 Louse","floor":1,"turns":2},{"damage":0,"enemies":"Cultist","floor":3,"turns":4},{"damage":2,"enemies":"Jaw Worm","floor":4,"turns":3},{"damage":0,"enemies":"3 Louse","floor":5,"turns":5},{"damage":6,"enemies":"Lagavulin","floor":10,"turns":10},{"damage":6,"enemies":"2 Fungi Beasts","floor":12,"turns":5},{"damage":9,"enemies":"Blue Slaver","floor":14,"turns":4},{"damage":3,"enemies":"The Guardian","floor":16,"turns":13},{"damage":22,"enemies":"2 Thieves","floor":18,"turns":4},{"damage":29,"enemies":"Shell Parasite","floor":19,"turns":7},{"damage":0,"enemies":"Snecko","floor":22,"turns":4},{"damage":23,"enemies":"Slavers","floor":24,"turns":4},{"damage":60,"enemies":"Book of Stabbing","floor":28,"turns":4}],"seed_played":"7660209113359309891","potions_obtained":[{"floor":3,"key":"Fire Potion"},{"floor":4,"key":"SneckoOil"},{"floor":14,"key":"BlessingOfTheForge"},{"floor":16,"key":"Strength Potion"},{"floor":19,"key":"EntropicBrew"},{"floor":22,"key":"SpeedPotion"}],"is_trial":false,"path_per_floor":["M","$","M","M","M","R","?","R","T","E","R","M","$","M","R","B",null,"M","M","?","?","M","R","E","R","T","?","E"],"character_chosen":"WATCHER","items_purchased":["EmptyBody"],"campfire_rested":3,"item_purchase_floors":[13],"current_hp_per_floor":[47,47,47,45,45,45,45,45,45,39,39,33,33,24,45,42,65,43,14,1,1,1,24,1,24,24,24,0],"gold":358,"neow_bonus":"ONE_RARE_RELIC","is_prod":false,"is_daily":false,"chose_seed":false,"campfire_upgraded":3,"win_rate":0,"timestamp":1692547251,"path_taken":["M","$","M","M","M","R","?","R","T","E","R","M","$","M","R","BOSS","M","M","?","?","M","R","E","R","T","?","E"],"build_version":"2022-12-18","purchased_purges":1,"victory":false,"max_hp_per_floor":[72,72,72,72,72,72,72,72,72,72,72,72,72,72,72,72,72,72,72,77,77,77,77,77,77,77,53,53],"card_choices":[{"not_picked":["EmptyFist","Wireheading"],"picked":"Pray","floor":1},{"not_picked":["BowlingBash","FlurryOfBlows"],"picked":"Perseverance","floor":3},{"not_picked":["EmptyBody","MentalFortress"],"picked":"Prostrate","floor":4},{"not_picked":["FlurryOfBlows","ClearTheMind"],"picked":"MentalFortress","floor":5},{"not_picked":["Blasphemy","PathToVictory","InnerPeace"],"picked":"FollowUp","floor":10},{"not_picked":["JustLucky","BowlingBash","Fasting2"],"picked":"WindmillStrike","floor":12},{"not_picked":["TalkToTheHand","ForeignInfluence","CrushJoints"],"picked":"Worship","floor":14},{"not_picked":["Scrawl","LessonLearned","Vault"],"picked":"Brilliance","floor":16},{"not_picked":["Vengeance","Wallop+1","FollowUp"],"picked":"Prostrate","floor":18},{"not_picked":["Vengeance","CutThroughFate","Adaptation","Evaluate"],"picked":"SKIP","floor":19},{"not_picked":["FlurryOfBlows","BowlingBash","SignatureMove"],"picked":"Prostrate","floor":22},{"not_picked":["Crescendo","Conclude","DevaForm+1","WheelKick"],"picked":"SKIP","floor":24}],"player_experience":323763,"relics_obtained":[{"floor":9,"key":"Question Card"},{"floor":24,"key":"Bird Faced Urn"},{"floor":24,"key":"Frozen Egg 2"},{"floor":26,"key":"MealTicket"}],"event_choices":[{"cards_removed":["Eruption"],"damage_healed":0,"gold_gain":0,"player_choice":"Offered Basic","damage_taken":0,"max_hp_gain":0,"max_hp_loss":0,"event_name":"Bonfire Elementals","floor":7,"gold_loss":0},{"damage_healed":0,"gold_gain":0,"player_choice":"Shed Blood","damage_taken":18,"max_hp_gain":5,"max_hp_loss":0,"event_name":"Forgotten Altar","floor":20,"gold_loss":0},{"damage_healed":0,"gold_gain":99,"player_choice":"Stole From Cult","damage_taken":0,"max_hp_gain":0,"max_hp_loss":0,"event_name":"Nest","floor":21,"gold_loss":0},{"damage_healed":0,"gold_gain":0,"player_choice":"Became a vampire","damage_taken":0,"max_hp_gain":0,"max_hp_loss":24,"event_name":"Vampires","floor":27,"gold_loss":0,"cards_obtained":["Bite","Bite","Bite","Bite","Bite"]}],"is_beta":false,"boss_relics":[{"not_picked":["Fusion Hammer","Runic Dome"],"picked":"Black Star"}],"items_purged_floors":[2],"is_endless":false,"potions_floor_spawned":[3,4,14,16,19,22],"killed_by":"Book of Stabbing","ascension_level":7}