{"gold_per_floor":[115,115,133,133,152,181,195,195,195,195,195,205,44,61,61,165,165,183,8,25,36,36,36,36,36,36,36,68,68,103,118,118,213,213,230,242,262,60,0,0,30,30,53,73,107,121,139,139,139,139],"floor_reached":51,"playtime":3683,"items_purged":["Strike_P","Defend_P","Strike_P"],"score":966,"play_id":"a5b50532-c51b-400e-8093-91a0b90ed919","local_time":"20230820180930","is_ascension_mode":true,"campfire_choices":[{"data":"CarveReality","floor":8,"key":"SMITH"},{"data":"DeceiveReality","floor":10,"key":"SMITH"},{"data":"ThirdEye","floor":15,"key":"SMITH"},{"data":"Establishment","floor":23,"key":"SMITH"},{"data":"BattleHymn","floor":25,"key":"SMITH"},{"data":"MentalFortress","floor":27,"key":"SMITH"},{"data":"Defend_P","floor":29,"key":"SMITH"},{"data":"Strike_P","floor":32,"key":"SMITH"},{"floor":40,"key":"REST"},{"data":"Strike_P","floor":42,"key":"SMITH"},{"floor":49,"key":"REST"}],"neow_cost":"NONE","seed_source_timestamp":1007719365559400,"circlet_count":0,"master_deck":["Strike_P+1","Strike_P+1","Defend_P+1","Defend_P+1","Eruption+1","Vigilance+1","ThirdEye+1","DeceiveReality+1","Crescendo+1","CarveReality+1","InnerPeace+1","Protect+1","Good Instincts+1","Establishment+1","Evaluate+1","MentalFortress+1","BattleHymn+1","Protect+1","Prostrate+1","Prostrate+1","Blasphemy+1","Prostrate+1","Prostrate+1"],"relics":["PureWater","Eternal Feather","Toxic Egg 2","HornCleat","SlaversCollar","Nilry\u0027s Codex","Pear","Toy Ornithopter","White Beast Statue","VioletLotus","Red Mask","Regal Pillow","Art of War","Bag of Marbles"],"potions_floor_usage":[6,28,30,36,41,45,47,50,50],"damage_taken":[{"damage":0,"enemies":"Jaw Worm","floor":1,"turns":4},{"damage":0,"enemies":"2 Louse","floor":3,"turns":2},{"damage":0,"enemies":"Cultist","floor":5,"turns":3},{"damage":13,"enemies":"Gremlin Nob","floor":6,"turns":4},{"damage":0,"enemies":"Large Slime","floor":7,"turns":3},{"damage":0,"enemies":"Exordium Wildlife","floor":12,"turns":3},{"damage":0,"enemies":"2 Fungi Beasts","floor":14,"turns":1},{"damage":34,"enemies":"The Guardian","floor":16,"turns":17},{"damage":13,"enemies":"2 Thieves","floor":18,"turns":4},{"damage":0,"enemies":"Shell Parasite","floor":20,"turns":6},{"damage":5,"enemies":"Shelled Parasite and Fungi","floor":21,"turns":6},{"damage":15,"enemies":"Slavers","floor":28,"turns":6},{"damage":6,"enemies":"Gremlin Leader","floor":30,"turns":8},{"damage":0,"enemies":"Snecko","floor":31,"turns":5},{"damage":2,"enemies":"Automaton","floor":33,"turns":8},{"damage":5,"enemies":"3 Darklings","floor":35,"turns":5},{"damage":9,"enemies":"3 Shapes","floor":36,"turns":5},{"damage":53,"enemies":"Transient","floor":37,"turns":5},{"damage":8,"enemies":"Reptomancer","floor":41,"turns":11},{"damage":0,"enemies":"Spire Growth","floor":44,"turns":7},{"damage":41,"enemies":"Giant Head","floor":45,"turns":9},{"damage":2,"enemies":"Writhing Mass","floor":46,"turns":7},{"damage":15,"enemies":"Transient","floor":47,"turns":5},{"damage":74,"enemies":"Time Eater","floor":50,"turns":13}],"seed_played":"8447392843612256563","potions_obtained":[{"floor":5,"key":"LiquidMemories"},{"floor":12,"key":"EssenceOfSteel"},{"floor":16,"key":"BlessingOfTheForge"},{"floor":18,"key":"LiquidMemories"},{"floor":28,"key":"Strength Potion"},{"floor":30,"key":"Energy Potion"},{"floor":31,"key":"Regen Potion"},{"floor":35,"key":"Dexterity Potion"},{"floor":36,"key":"FairyPotion"},{"floor":37,"key":"Swift Potion"},{"floor":41,"key":"DistilledChaos"},{"floor":45,"key":"Energy Potion"},{"floor":47,"key":"AttackPotion"}],"is_trial":false,"path_per_floor":["M","?","M","?","M","E","M","R","T","R","?","M","$","M","R","B",null,"M","$","M","M","?","R","$","R","T","R","E","R","E","M","R","B",null,"M","M","M","$","?","R","E","R","T","M","E","M","M","?","R","B",null],"character_chosen":"WATCHER","items_purchased":["Good Instincts+1","MentalFortress","Regen Potion"],"campfire_rested":2,"item_purchase_floors":[13,19,38],"current_hp_per_floor":[65,62,62,48,48,35,35,41,41,47,47,47,47,47,56,22,60,47,47,47,42,26,35,35,44,54,63,48,60,59,59,71,69,79,74,70,17,17,17,53,65,77,77,77,41,39,29,72,72,21],"gold":139,"neow_bonus":"UPGRADE_CARD","is_prod":false,"is_daily":false,"chose_seed":false,"campfire_upgraded":9,"win_rate":0,"timestamp":1692580170,"path_taken":["M","?","M","?","M","E","M","R","T","R","?","M","$","M","R","BOSS","M","?","M","M","?","R","$","R","T","R","E","R","E","M","R","BOSS","M","M","M","$","?","R","E","R","T","M","E","M","M","?","R","BOSS"],"build_version":"2022-12-18","purchased_purges":3,"victory":true,"max_hp_per_floor":[72,72,72,72,72,72,72,72,72,72,72,72,72,72,72,72,72,72,72,72,72,72,72,72,72,82,82,82,82,82,82,82,82,82,82,82,82,82,82,82,82,82,82,82,82,82,82,72,72,72],"card_choices":[{"not_picked":["Crescendo","CrushJoints"],"picked":"ThirdEye","floor":1},{"not_picked":["Halt","Consecrate","ThirdEye"],"picked":"SKIP","floor":3},{"not_picked":["ForeignInfluence","Indignation"],"picked":"DeceiveReality","floor":5},{"not_picked":["ThirdEye+1","EmptyFist"],"picked":"Crescendo+1","floor":6},{"not_picked":["ThirdEye+1","FollowUp"],"picked":"CarveReality","floor":7},{"not_picked":["Consecrate","FlyingSleeves"],"picked":"Protect+1","floor":12},{"not_picked":["SashWhip","Vengeance+1","FlyingSleeves"],"picked":"SKIP","floor":14},{"not_picked":["Ragnarok","ConjureBlade+1"],"picked":"Establishment","floor":16},{"not_picked":["JustLucky","Meditate+1"],"picked":"Evaluate+1","floor":18},{"not_picked":["JustLucky","ForeignInfluence+1"],"picked":"BattleHymn","floor":20},{"not_picked":["JustLucky","WheelKick"],"picked":"Protect+1","floor":21},{"not_picked":["Meditate+1","ForeignInfluence+1"],"picked":"Prostrate+1","floor":28},{"not_picked":["Wireheading","CutThroughFate"],"picked":"Prostrate+1","floor":30},{"not_picked":["Crescendo+1","Tantrum+1","PathToVictory+1"],"picked":"SKIP","floor":31},{"not_picked":["Vault+1","Brilliance"],"picked":"Blasphemy+1","floor":33},{"not_picked":["EmptyFist","SandsOfTime","InnerPeace+1"],"picked":"SKIP","floor":35},{"not_picked":["InnerPeace+1","Crescendo+1","Fasting2"],"picked":"SKIP","floor":36},{"not_picked":["PathToVictory+1","WheelKick+1","Consecrate"],"picked":"SKIP","floor":37},{"not_picked":["TalkToTheHand","EmptyMind+1","ForeignInfluence+1"],"picked":"SKIP","floor":41},{"not_picked":["Protect+1","PathToVictory+1","Halt+1"],"picked":"SKIP","floor":44},{"not_picked":["Conclude","Protect+1","ThirdEye+1"],"picked":"SKIP","floor":45},{"not_picked":["Perseverance+1","FlurryOfBlows"],"picked":"Prostrate+1","floor":46},{"not_picked":["CrushJoints+1","Evaluate+1"],"picked":"Prostrate+1","floor":47}],"player_experience":328041,"relics_obtained":[{"floor":6,"key":"Toxic Egg 2"},{"floor":9,"key":"HornCleat"},{"floor":22,"key":"Nilry\u0027s Codex"},{"floor":26,"key":"Pear"},{"floor":28,"key":"Toy Ornithopter"},{"floor":30,"key":"White Beast Statue"},{"floor":41,"key":"Regal Pillow"},{"floor":43,"key":"Art of War"},{"floor":45,"key":"Bag of Marbles"}],"event_choices":[{"damage_healed":0,"gold_gain":0,"player_choice":"Success","damage_taken":3,"relics_obtained":["Eternal Feather"],"max_hp_gain":0,"max_hp_loss":0,"event_name":"Scrap Ooze","floor":2,"gold_loss":0},{"damage_healed":0,"gold_gain":0,"player_choice":"Entered Light","damage_taken":14,"max_hp_gain":0,"max_hp_loss":0,"event_name":"Shining Light","floor":4,"gold_loss":0,"cards_upgraded":["Defend_P","Eruption"]},{"damage_healed":0,"gold_gain":0,"cards_transformed":["Defend_P"],"player_choice":"Transformed","damage_taken":0,"max_hp_gain":0,"max_hp_loss":0,"event_name":"Transmorgrifier","floor":11,"gold_loss":0,"cards_obtained":["InnerPeace"]},{"damage_healed":0,"gold_gain":0,"player_choice":"Obtained Book","damage_taken":16,"max_hp_gain":0,"max_hp_loss":0,"event_name":"Cursed Tome","floor":22,"gold_loss":0},{"damage_healed":0,"gold_gain":0,"player_choice":"Paid","damage_taken":0,"relics_obtained":["Red Mask"],"max_hp_gain":0,"max_hp_loss":0,"event_name":"Tomb of Lord Red Mask","floor":39,"gold_loss":60},{"damage_healed":72,"gold_gain":0,"player_choice":"Heal","damage_taken":0,"max_hp_gain":0,"max_hp_loss":10,"event_name":"The Moai Head","floor":48,"gold_loss":0}],"is_beta":false,"boss_relics":[{"not_picked":["Runic Dome","Black Star"],"picked":"SlaversCollar"},{"not_picked":["Fusion Hammer","Runic Pyramid"],"picked":"VioletLotus"}],"items_purged_floors":[13,19,38],"is_endless":false,"potions_floor_spawned":[5,12,16,18,28,30,31,33,35,36,37,41,44,45,46,47],"ascension_level":7}