{"gold_per_floor":[16,16,34,34,54,94,106,118,156,168,194,206,238,275,287,299],"floor_reached":16,"playtime":943,"items_purged":[],"score":151,"play_id":"97d1bd50-c509-4791-882f-a17a6b4deb27","local_time":"20230820091740","is_ascension_mode":true,"campfire_choices":[{"data":"Secret Technique","floor":7,"key":"SMITH"},{"data":"Vigilance","floor":10,"key":"SMITH"},{"floor":15,"key":"REST"}],"neow_cost":"NO_GOLD","seed_source_timestamp":978557096281800,"circlet_count":0,"master_deck":["Strike_P","Strike_P","Strike_P","Defend_P","Defend_P","Defend_P","Eruption","Vigilance+1","Secret Technique+1","MentalFortress","MentalFortress","FlurryOfBlows","Crescendo","DeceiveReality","Prostrate"],"relics":["PureWater","Golden Idol","MawBank","Anchor"],"potions_floor_usage":[6,12,16],"damage_taken":[{"damage":14,"enemies":"2 Louse","floor":1,"turns":3},{"damage":0,"enemies":"Small Slimes","floor":3,"turns":3},{"damage":0,"enemies":"Jaw Worm","floor":5,"turns":3},{"damage":18,"enemies":"3 Sentries","floor":6,"turns":11},{"damage":5,"enemies":"Lots of Slimes","floor":11,"turns":5},{"damage":0,"enemies":"Gremlin Nob","floor":12,"turns":1},{"damage":11,"enemies":"Large Slime","floor":13,"turns":8},{"damage":1,"enemies":"3 Louse","floor":14,"turns":5},{"damage":37,"enemies":"Hexaghost","floor":16,"turns":16}],"seed_played":"-1633060453435782002","potions_obtained":[{"floor":3,"key":"BlessingOfTheForge"},{"floor":5,"key":"Fire Potion"},{"floor":6,"key":"SmokeBomb"}],"is_trial":false,"path_per_floor":["M","?","M","?","M","E","R","?","T","R","M","E","M","M","R","B"],"character_chosen":"WATCHER","items_purchased":[],"campfire_rested":1,"item_purchase_floors":[],"current_hp_per_floor":[51,51,51,51,51,33,33,33,33,33,28,28,17,16,36,0],"gold":299,"neow_bonus":"RANDOM_COLORLESS_2","is_prod":false,"is_daily":false,"chose_seed":false,"campfire_upgraded":2,"win_rate":0,"timestamp":1692548260,"path_taken":["M","?","M","?","M","E","R","?","T","R","M","E","M","M","R","BOSS"],"build_version":"2022-12-18","purchased_purges":0,"victory":false,"max_hp_per_floor":[72,67,67,67,67,67,67,67,67,67,67,67,67,67,67,67],"card_choices":[{"not_picked":["Chrysalis","Metamorphosis"],"picked":"Secret Technique","floor":0},{"not_picked":["Weave","Collect"],"picked":"MentalFortress","floor":1},{"not_picked":["BowlingBash","ThirdEye"],"picked":"MentalFortress","floor":3},{"not_picked":["Study","CrushJoints"],"picked":"FlurryOfBlows","floor":5},{"not_picked":["Consecrate","Conclude","PathToVictory"],"picked":"SKIP","floor":6},{"not_picked":["JustLucky","Study"],"picked":"Crescendo","floor":11},{"not_picked":["Crescendo","Evaluate"],"picked":"DeceiveReality","floor":13},{"not_picked":["Tantrum","FlyingSleeves"],"picked":"Prostrate","floor":14}],"player_experience":325114,"relics_obtained":[{"floor":6,"key":"MawBank"},{"floor":9,"key":"Anchor"}],"event_choices":[{"damage_healed":0,"gold_gain":0,"player_choice":"Lose Max HP","damage_taken":0,"relics_obtained":["Golden Idol"],"max_hp_gain":0,"max_hp_loss":5,"event_name":"Golden Idol","floor":2,"gold_loss":0},{"cards_removed":["Defend_P"],"damage_healed":0,"gold_gain":0,"player_choice":"Forget","damage_taken":0,"max_hp_gain":0,"max_hp_loss":0,"event_name":"Living Wall","floor":4,"gold_loss":0},{"cards_removed":["Strike_P"],"damage_healed":0,"gold_gain":0,"player_choice":"Purged","damage_taken":0,"max_hp_gain":0,"max_hp_loss":0,"event_name":"Purifier","floor":8,"gold_loss":0}],"is_beta":false,"boss_relics":[],"items_purged_floors":[],"is_endless":false,"potions_floor_spawned":[3,5,6,12],"killed_by":"Hexaghost","ascension_level":7}