{"gold_per_floor":[113,113,68,88,98,98,111,111,158,183,183,208,208,219,219,321,321,305,65,77,92,92,92,123,123,123,138,152,152,166,166],"floor_reached":31,"playtime":1729,"items_purged":["Defend_P"],"score":334,"play_id":"56e18e93-2c3e-434f-a81d-5f6ce2d717e2","local_time":"20230818221720","is_ascension_mode":true,"campfire_choices":[{"data":"Prostrate","floor":6,"key":"SMITH"},{"data":"Eruption","floor":8,"key":"SMITH"},{"data":"Crescendo","floor":13,"key":"SMITH"},{"floor":15,"key":"REST"},{"floor":23,"key":"REST"},{"floor":25,"key":"REST"},{"floor":29,"key":"REST"}],"neow_cost":"NONE","seed_source_timestamp":851747743676700,"circlet_count":0,"master_deck":["Strike_P","Strike_P+1","Strike_P","Strike_P","Defend_P","Defend_P+1","Defend_P","Eruption+1","Vigilance","DeceiveReality+1","Protect+1","Prostrate+1","InnerPeace","FearNoEvil+1","ReachHeaven","Crescendo+1","MasterReality","CurseOfTheBell","Study","Master of Strategy","Prostrate","ClearTheMind","ThirdEye","Prostrate"],"relics":["PureWater","Whetstone","Tiny Chest","Happy Flower","Calling Bell","Mummified Hand","Art of War","Du-Vu Doll","Torii","Strawberry","MealTicket"],"potions_floor_usage":[7,12,31],"damage_taken":[{"damage":0,"enemies":"2 Louse","floor":1,"turns":2},{"damage":0,"enemies":"Jaw Worm","floor":4,"turns":4},{"damage":0,"enemies":"Cultist","floor":5,"turns":4},{"damage":5,"enemies":"Gremlin Gang","floor":7,"turns":3},{"damage":19,"enemies":"3 Sentries","floor":10,"turns":14},{"damage":7,"enemies":"Gremlin Nob","floor":12,"turns":5},{"damage":0,"enemies":"Exordium Wildlife","floor":14,"turns":2},{"damage":31,"enemies":"Hexaghost","floor":16,"turns":9},{"damage":2,"enemies":"2 Thieves","floor":18,"turns":4},{"damage":1,"enemies":"Chosen","floor":20,"turns":3},{"damage":41,"enemies":"Centurion and Healer","floor":21,"turns":6},{"damage":26,"enemies":"Book of Stabbing","floor":24,"turns":5},{"damage":31,"enemies":"Cultist and Chosen","floor":27,"turns":9},{"damage":1,"enemies":"3 Cultists","floor":28,"turns":4},{"damage":10,"enemies":"Snake Plant","floor":30,"turns":3},{"damage":35,"enemies":"Cultist and Chosen","floor":31,"turns":10}],"seed_played":"1958584702849945844","potions_obtained":[{"floor":4,"key":"SteroidPotion"},{"floor":5,"key":"Explosive Potion"},{"floor":10,"key":"AttackPotion"},{"floor":12,"key":"Dexterity Potion"},{"floor":18,"key":"DuplicationPotion"},{"floor":24,"key":"Weak Potion"},{"floor":28,"key":"BlessingOfTheForge"}],"is_trial":false,"path_per_floor":["M","?","$","M","M","R","M","R","T","E","?","E","R","M","R","B",null,"M","$","M","M","T","R","E","R","T","M","M","R","M","M"],"character_chosen":"WATCHER","items_purchased":["Prostrate","Master of Strategy"],"campfire_rested":4,"item_purchase_floors":[3,19],"current_hp_per_floor":[72,58,58,58,58,58,53,53,53,34,34,27,27,27,48,17,58,56,56,55,14,14,35,16,39,39,8,7,30,20,0],"gold":166,"neow_bonus":"THREE_CARDS","is_prod":false,"is_daily":false,"chose_seed":false,"campfire_upgraded":3,"win_rate":0,"timestamp":1692422240,"path_taken":["M","?","$","M","M","R","M","R","T","E","?","E","R","M","R","BOSS","M","$","?","?","?","R","E","R","T","M","M","R","M","M"],"build_version":"2022-12-18","purchased_purges":1,"victory":false,"max_hp_per_floor":[72,72,72,72,72,72,72,72,72,72,72,72,72,72,72,72,72,72,72,72,72,72,72,79,79,79,79,79,79,79,79],"card_choices":[{"not_picked":["CrushJoints","SandsOfTime"],"picked":"DeceiveReality","floor":0},{"not_picked":["FlurryOfBlows","CutThroughFate"],"picked":"Protect","floor":1},{"not_picked":["CrushJoints","FollowUp"],"picked":"InnerPeace","floor":4},{"not_picked":["WheelKick","Swivel"],"picked":"FearNoEvil","floor":5},{"not_picked":["Sanctity","SashWhip","DeceiveReality"],"picked":"SKIP","floor":7},{"not_picked":["TalkToTheHand","WreathOfFlame"],"picked":"ReachHeaven","floor":10},{"not_picked":["Collect","Adaptation"],"picked":"Crescendo","floor":12},{"not_picked":["BowlingBash","SignatureMove","CutThroughFate"],"picked":"SKIP","floor":14},{"not_picked":["Devotion","Alpha"],"picked":"MasterReality","floor":16},{"not_picked":["BowlingBash","EmptyBody"],"picked":"Study","floor":18},{"not_picked":["SashWhip+1","DeceiveReality"],"picked":"Prostrate","floor":20},{"not_picked":["BowlingBash","Crescendo+1"],"picked":"ClearTheMind","floor":21},{"not_picked":["Crescendo+1","Evaluate","Nirvana"],"picked":"SKIP","floor":24},{"not_picked":["FlurryOfBlows","SashWhip+1"],"picked":"ThirdEye","floor":27},{"not_picked":["Sanctity","CrushJoints+1"],"picked":"Prostrate","floor":28},{"not_picked":["BowlingBash+1","Evaluate","TalkToTheHand"],"picked":"SKIP","floor":30}],"player_experience":290034,"relics_obtained":[{"floor":9,"key":"Whetstone"},{"floor":10,"key":"Tiny Chest"},{"floor":12,"key":"Happy Flower"},{"floor":17,"key":"Mummified Hand"},{"floor":17,"key":"Art of War"},{"floor":17,"key":"Du-Vu Doll"},{"floor":22,"key":"Torii"},{"floor":24,"key":"Strawberry"},{"floor":26,"key":"MealTicket"}],"event_choices":[{"damage_healed":0,"gold_gain":0,"player_choice":"Entered Light","damage_taken":14,"max_hp_gain":0,"max_hp_loss":0,"event_name":"Shining Light","floor":2,"gold_loss":0,"cards_upgraded":["Protect","Defend_P"]},{"damage_healed":0,"gold_gain":0,"player_choice":"Upgraded","damage_taken":0,"max_hp_gain":0,"max_hp_loss":0,"event_name":"Upgrade Shrine","floor":11,"gold_loss":0,"cards_upgraded":["DeceiveReality"]}],"is_beta":false,"boss_relics":[{"not_picked":["Cursed Key","Pandora\u0027s Box"],"picked":"Calling Bell"}],"items_purged_floors":[19],"is_endless":false,"potions_floor_spawned":[4,5,10,12,18,24,27,28],"killed_by":"Cultist and Chosen","ascension_level":5}