{"gold_per_floor":[19,29,29,45,59,59,69,88,88,99,99,99,127,143,143,239,239,229,229,244,256,310,339,339,358,358,377,377,397,416,442,442,539,539,556,556,556,570,52,52,102,102,156,168,215,227,265,289,301,313],"floor_reached":51,"playtime":3306,"items_purged":["Strike_P"],"score":1070,"play_id":"01710ed7-32eb-490c-8b00-38f957b759d5","local_time":"20230823220116","is_ascension_mode":true,"campfire_choices":[{"data":"Prostrate","floor":6,"key":"SMITH"},{"data":"Protect","floor":12,"key":"SMITH"},{"data":"BattleHymn","floor":15,"key":"SMITH"},{"data":"Pray","floor":24,"key":"SMITH"},{"data":"SpiritShield","floor":28,"key":"SMITH"},{"data":"Vigilance","floor":32,"key":"SMITH"},{"data":"Scrawl","floor":40,"key":"SMITH"},{"data":"ClearTheMind","floor":42,"key":"SMITH"},{"data":"Defend_P","floor":44,"key":"SMITH"},{"data":"Master of Strategy","floor":46,"key":"SMITH"},{"floor":49,"key":"REST"}],"neow_cost":"NO_GOLD","seed_source_timestamp":1281207423170600,"circlet_count":0,"master_deck":["Strike_P","Strike_P","Defend_P+1","Defend_P","Defend_P","Eruption+1","Vigilance+1","Worship","CarveReality","BattleHymn+1","Prostrate+1","Protect+1","SpiritShield+1","Brilliance","Pray+1","Evaluate+1","Prostrate+1","LikeWater+1","Scrawl+1","ClearTheMind+1","Master of Strategy+1","Prostrate+1"],"relics":["HolyWater","Gambling Chip","Odd Mushroom","Busted Crown","Lantern","Akabeko","Yang","Red Mask","Frozen Eye","Incense Burner","MawBank","StoneCalendar"],"potions_floor_usage":[7,10,13,18,21,23,50,50,50],"damage_taken":[{"damage":8,"enemies":"Small Slimes","floor":1,"turns":4},{"damage":0,"enemies":"Cultist","floor":2,"turns":2},{"damage":0,"enemies":"Jaw Worm","floor":4,"turns":1},{"damage":0,"enemies":"Looter","floor":5,"turns":2},{"damage":6,"enemies":"3 Louse","floor":7,"turns":3},{"damage":13,"enemies":"Exordium Wildlife","floor":8,"turns":5},{"damage":0,"enemies":"Red Slaver","floor":10,"turns":1},{"damage":5,"enemies":"The Mushroom Lair","floor":13,"turns":4},{"damage":1,"enemies":"3 Louse","floor":14,"turns":3},{"damage":1,"enemies":"Hexaghost","floor":16,"turns":9},{"damage":1,"enemies":"2 Thieves","floor":18,"turns":4},{"damage":2,"enemies":"Shell Parasite","floor":20,"turns":3},{"damage":7,"enemies":"Chosen and Byrds","floor":21,"turns":5},{"damage":12,"enemies":"Slavers","floor":23,"turns":5},{"damage":0,"enemies":"3 Cultists","floor":25,"turns":3},{"damage":0,"enemies":"Snake Plant","floor":27,"turns":3},{"damage":1,"enemies":"Chosen and Byrds","floor":29,"turns":6},{"damage":0,"enemies":"Cultist and Chosen","floor":30,"turns":3},{"damage":0,"enemies":"Masked Bandits","floor":31,"turns":4},{"damage":35,"enemies":"Collector","floor":33,"turns":11},{"damage":0,"enemies":"3 Shapes","floor":35,"turns":5},{"damage":0,"enemies":"Orb Walker","floor":38,"turns":2},{"damage":0,"enemies":"Mind Bloom Boss Battle","floor":41,"turns":6},{"damage":0,"enemies":"Giant Head","floor":45,"turns":7},{"damage":0,"enemies":"Nemesis","floor":47,"turns":5},{"damage":16,"enemies":"Transient","floor":48,"turns":5},{"damage":9,"enemies":"Awakened One","floor":50,"turns":8}],"seed_played":"2582595349219363147","potions_obtained":[{"floor":2,"key":"GamblersBrew"},{"floor":4,"key":"SpeedPotion"},{"floor":7,"key":"SteroidPotion"},{"floor":10,"key":"Fruit Juice"},{"floor":13,"key":"Swift Potion"},{"floor":20,"key":"StancePotion"},{"floor":21,"key":"PowerPotion"},{"floor":35,"key":"FearPotion"},{"floor":38,"key":"GamblersBrew"},{"floor":47,"key":"ColorlessPotion"}],"is_trial":false,"path_per_floor":["M","M","?","M","M","R","M","M","T","M","?","R","?","M","R","B",null,"M","?","M","M","T","E","R","M","T","M","R","M","M","?","R","B",null,"M","?","?","M","$","R","?","R","T","R","E","R","E","M","R","B",null],"character_chosen":"WATCHER","items_purchased":["ClearTheMind","Master of Strategy","Frozen Eye","DuplicationPotion"],"campfire_rested":1,"item_purchase_floors":[39,39,39,39],"current_hp_per_floor":[57,57,57,57,57,57,51,38,38,43,48,48,43,42,42,41,72,71,71,69,62,62,50,50,50,50,50,50,49,49,49,49,14,65,65,65,65,65,65,65,65,65,65,65,65,65,65,49,73,64],"gold":325,"neow_bonus":"REMOVE_TWO","is_prod":false,"is_daily":false,"chose_seed":false,"campfire_upgraded":10,"win_rate":0,"timestamp":1692853276,"path_taken":["M","M","?","M","?","R","M","M","T","M","?","R","?","M","R","BOSS","M","?","M","M","?","E","R","M","T","M","R","M","?","?","R","BOSS","M","?","?","?","$","R","?","R","T","R","E","R","E","M","R","BOSS"],"build_version":"2022-12-18","purchased_purges":1,"victory":true,"max_hp_per_floor":[72,72,72,72,72,72,72,72,72,77,82,82,82,82,82,82,82,82,82,82,82,82,82,82,82,82,82,82,82,82,82,82,82,82,82,82,82,82,82,82,82,82,82,82,82,82,82,82,82,82],"card_choices":[{"not_picked":["Evaluate","ClearTheMind"],"picked":"Worship","floor":1},{"not_picked":["TalkToTheHand","CutThroughFate"],"picked":"CarveReality","floor":2},{"not_picked":["CrushJoints","WaveOfTheHand"],"picked":"BattleHymn","floor":4},{"not_picked":["ClearTheMind","Tantrum"],"picked":"Prostrate","floor":5},{"not_picked":["EmptyFist","JustLucky"],"picked":"Protect","floor":7},{"not_picked":["ClearTheMind","CutThroughFate","Consecrate"],"picked":"SKIP","floor":8},{"not_picked":["ClearTheMind","CrushJoints","FlurryOfBlows"],"picked":"SKIP","floor":10},{"not_picked":["FollowUp","Halt"],"picked":"SpiritShield","floor":13},{"not_picked":["Wallop","Halt","PathToVictory"],"picked":"SKIP","floor":14},{"not_picked":["Omniscience","Alpha"],"picked":"Brilliance","floor":16},{"not_picked":[],"picked":"Pray","floor":18},{"not_picked":["EmptyBody"],"picked":"SKIP","floor":20},{"not_picked":["CutThroughFate"],"picked":"SKIP","floor":21},{"not_picked":["Halt"],"picked":"SKIP","floor":23},{"not_picked":[],"picked":"Evaluate+1","floor":25},{"not_picked":["CrushJoints"],"picked":"SKIP","floor":27},{"not_picked":["Swivel+1"],"picked":"SKIP","floor":29},{"not_picked":[],"picked":"Prostrate+1","floor":30},{"not_picked":[],"picked":"LikeWater+1","floor":31},{"not_picked":[],"picked":"Scrawl","floor":33},{"not_picked":["JustLucky+1"],"picked":"SKIP","floor":35},{"not_picked":["ForeignInfluence+1"],"picked":"SKIP","floor":38},{"not_picked":["Consecrate+1"],"picked":"SKIP","floor":45},{"not_picked":[],"picked":"Prostrate+1","floor":47},{"not_picked":["FlurryOfBlows"],"picked":"SKIP","floor":48}],"player_experience":357032,"relics_obtained":[{"floor":9,"key":"Gambling Chip"},{"floor":13,"key":"Odd Mushroom"},{"floor":22,"key":"Lantern"},{"floor":23,"key":"Akabeko"},{"floor":26,"key":"Yang"},{"floor":31,"key":"Red Mask"},{"floor":41,"key":"Incense Burner"},{"floor":43,"key":"MawBank"},{"floor":47,"key":"StoneCalendar"}],"event_choices":[{"damage_healed":0,"gold_gain":0,"player_choice":"Forge","damage_taken":0,"max_hp_gain":0,"max_hp_loss":0,"event_name":"Accursed Blacksmith","floor":3,"gold_loss":0,"cards_upgraded":["Eruption"]},{"damage_healed":0,"gold_gain":0,"player_choice":"Donut","damage_taken":0,"max_hp_gain":5,"max_hp_loss":0,"event_name":"Big Fish","floor":11,"gold_loss":0},{"damage_healed":0,"gold_gain":0,"player_choice":"Fought Mushrooms","damage_taken":0,"max_hp_gain":0,"max_hp_loss":0,"event_name":"Mushrooms","floor":13,"gold_loss":0},{"damage_healed":0,"gold_gain":0,"player_choice":"Ignored","damage_taken":0,"max_hp_gain":0,"max_hp_loss":0,"event_name":"The Mausoleum","floor":19,"gold_loss":0},{"damage_healed":0,"gold_gain":0,"player_choice":"Fought Bandits","damage_taken":0,"max_hp_gain":0,"max_hp_loss":0,"event_name":"Masked Bandits","floor":31,"gold_loss":0},{"damage_healed":0,"gold_gain":0,"player_choice":"Memory 1","damage_taken":0,"max_hp_gain":0,"max_hp_loss":0,"event_name":"SensoryStone","floor":36,"gold_loss":0},{"damage_healed":0,"gold_gain":0,"player_choice":"Bought 0 Potions","damage_taken":0,"max_hp_gain":0,"max_hp_loss":0,"event_name":"The Woman in Blue","floor":37,"gold_loss":0},{"damage_healed":0,"gold_gain":0,"player_choice":"Fight","damage_taken":0,"max_hp_gain":0,"max_hp_loss":0,"event_name":"MindBloom","floor":41,"gold_loss":0}],"is_beta":false,"boss_relics":[{"not_picked":["SacredBark","Fusion Hammer"],"picked":"Busted Crown"},{"not_picked":["Coffee Dripper","Cursed Key"],"picked":"HolyWater"}],"items_purged_floors":[39],"is_endless":false,"potions_floor_spawned":[2,4,7,10,13,20,21,23,35,38,47,48],"ascension_level":9}