{"gold_per_floor":[117,133,133,146,38,38,69,85,109,109,140,140,150,176,176,275,275,286,286,286,286,59,59,59,59,109,109,123,133,133,153,153,258,258,274,301,301,313,363,363,389,417,417,454,19,34,67,84,84,84,84,84,16,48,48],"floor_reached":55,"playtime":2823,"items_purged":["CutThroughFate","Strike_P+1"],"score":1106,"play_id":"ce734723-b76f-4b55-b6b6-58bff902659f","local_time":"20230818232340","is_ascension_mode":true,"campfire_choices":[{"data":"BattleHymn","floor":6,"key":"SMITH"},{"data":"Blasphemy","floor":10,"key":"SMITH"},{"data":"Protect","floor":15,"key":"SMITH"},{"data":"Vigilance","floor":23,"key":"SMITH"},{"data":"SpiritShield","floor":25,"key":"SMITH"},{"data":"Prostrate","floor":30,"key":"SMITH"},{"data":"Protect","floor":32,"key":"SMITH"},{"data":"Pray","floor":40,"key":"SMITH"},{"floor":49,"key":"RECALL"},{"data":"WaveOfTheHand","floor":52,"key":"SMITH"}],"neow_cost":"NONE","seed_source_timestamp":854633490936700,"circlet_count":0,"master_deck":["Strike_P+1","Strike_P+1","Defend_P+1","Defend_P+1","Defend_P+1","Vigilance+1","Blasphemy+1","BattleHymn+1","Pray+1","Protect+1","SpiritShield+1","Prostrate+1","Protect+1","Brilliance","Prostrate+1","Protect","Protect+1","WaveOfTheHand+1","Wireheading","BattleHymn+1"],"relics":["PureWater","Juzu Bracelet","Oddly Smooth Stone","Damaru","Darkstone Periapt","Singing Bowl","SlaversCollar","Bag of Preparation","Bag of Marbles","Toy Ornithopter","CeramicFish","Empty Cage","StoneCalendar","Orichalcum","Ornamental Fan","Membership Card","Bird Faced Urn","InkBottle","DollysMirror","Bronze Scales"],"potions_floor_usage":[11,14,18,48,54,54,55,55],"damage_taken":[{"damage":0,"enemies":"Cultist","floor":1,"turns":6},{"damage":1,"enemies":"Jaw Worm","floor":2,"turns":5},{"damage":1,"enemies":"2 Louse","floor":4,"turns":3},{"damage":7,"enemies":"3 Sentries","floor":7,"turns":3},{"damage":1,"enemies":"Exordium Thugs","floor":8,"turns":4},{"damage":8,"enemies":"Lagavulin","floor":11,"turns":3},{"damage":5,"enemies":"Looter","floor":13,"turns":2},{"damage":0,"enemies":"Gremlin Nob","floor":14,"turns":3},{"damage":0,"enemies":"Slime Boss","floor":16,"turns":2},{"damage":9,"enemies":"3 Byrds","floor":18,"turns":4},{"damage":0,"enemies":"Shell Parasite","floor":28,"turns":3},{"damage":0,"enemies":"Shelled Parasite and Fungi","floor":29,"turns":4},{"damage":0,"enemies":"Sentry and Sphere","floor":31,"turns":5},{"damage":4,"enemies":"Collector","floor":33,"turns":9},{"damage":0,"enemies":"Orb Walker","floor":35,"turns":4},{"damage":5,"enemies":"3 Shapes","floor":36,"turns":3},{"damage":4,"enemies":"Sphere and 2 Shapes","floor":38,"turns":4},{"damage":0,"enemies":"Mind Bloom Boss Battle","floor":39,"turns":4},{"damage":1,"enemies":"Nemesis","floor":41,"turns":5},{"damage":10,"enemies":"3 Darklings","floor":42,"turns":4},{"damage":9,"enemies":"Reptomancer","floor":44,"turns":5},{"damage":11,"enemies":"Spire Growth","floor":46,"turns":5},{"damage":3,"enemies":"Giant Head","floor":47,"turns":8},{"damage":1,"enemies":"4 Shapes","floor":48,"turns":6},{"damage":9,"enemies":"Time Eater","floor":50,"turns":9},{"damage":25,"enemies":"Shield and Spear","floor":54,"turns":6},{"damage":96,"enemies":"The Heart","floor":55,"turns":6}],"seed_played":"-27253375759042126","potions_obtained":[{"floor":1,"key":"Block Potion"},{"floor":7,"key":"AttackPotion"},{"floor":8,"key":"GamblersBrew"},{"floor":11,"key":"BlessingOfTheForge"},{"floor":14,"key":"DuplicationPotion"},{"floor":18,"key":"SmokeBomb"},{"floor":31,"key":"SteroidPotion"},{"floor":33,"key":"ColorlessPotion"},{"floor":48,"key":"SteroidPotion"},{"floor":54,"key":"Ancient Potion"}],"is_trial":false,"path_per_floor":["M","M","?","M","$","R","E","M","T","R","E","?","M","E","R","B",null,"M","?","?","?","$","R","?","R","T","T","M","M","R","M","R","B",null,"M","M","?","M","?","R","E","M","T","E","$","M","E","M","R","B",null,"R","$","E","B"],"character_chosen":"WATCHER","items_purchased":["SignatureMove","BattleHymn","Bag of Preparation","Membership Card","BottledMiracle","WaveOfTheHand","Wireheading","Bird Faced Urn","DollysMirror"],"campfire_rested":0,"item_purchase_floors":[5,5,22,45,45,45,45,45,53],"current_hp_per_floor":[79,78,78,77,77,77,70,69,69,69,61,28,23,25,25,25,67,60,60,60,60,60,60,60,60,60,60,62,64,64,64,64,60,80,82,77,77,75,77,77,78,68,68,59,59,54,57,67,67,62,91,91,91,78,0],"gold":48,"neow_bonus":"TEN_PERCENT_HP_BONUS","is_prod":false,"is_daily":false,"chose_seed":false,"campfire_upgraded":9,"win_rate":0,"timestamp":1692426220,"path_taken":["M","?","?","M","$","R","E","M","T","R","E","?","M","E","R","BOSS","M","?","?","?","$","R","?","R","T","?","M","M","R","M","R","BOSS","M","M","?","M","?","R","E","M","T","E","?","M","E","M","R","BOSS","R","$","E","BOSS"],"build_version":"2022-12-18","purchased_purges":2,"victory":false,"max_hp_per_floor":[79,79,79,79,79,79,79,79,79,79,79,79,79,81,81,81,81,83,83,83,83,83,83,83,83,83,83,85,87,87,87,87,87,87,89,89,89,91,93,93,95,95,95,95,95,97,99,101,101,101,101,101,101,103,103],"card_choices":[{"not_picked":["Indignation","EmptyBody","CrushJoints"],"picked":"SKIP","floor":1},{"not_picked":["FollowUp","Weave"],"picked":"CutThroughFate","floor":2},{"not_picked":["Indignation","CrushJoints"],"picked":"Blasphemy","floor":4},{"not_picked":["Conclude","SashWhip"],"picked":"Pray","floor":7},{"not_picked":["FollowUp","WreathOfFlame","FlyingSleeves"],"picked":"SKIP","floor":8},{"not_picked":["SandsOfTime","ForeignInfluence","Swivel"],"picked":"SKIP","floor":11},{"not_picked":["ReachHeaven","Indignation"],"picked":"Protect","floor":13},{"not_picked":["FearNoEvil","CutThroughFate","ReachHeaven"],"picked":"Singing Bowl","floor":14},{"not_picked":["Ragnarok","Wish"],"picked":"SpiritShield","floor":16},{"not_picked":["FlurryOfBlows","FollowUp","JustLucky"],"picked":"Singing Bowl","floor":18},{"not_picked":["EmptyMind","FlyingSleeves","EmptyFist"],"picked":"Singing Bowl","floor":28},{"not_picked":["Halt","ThirdEye","Omniscience"],"picked":"Singing Bowl","floor":29},{"not_picked":["Conclude","JustLucky"],"picked":"Protect","floor":31},{"not_picked":["Vault","Blasphemy"],"picked":"Brilliance","floor":33},{"not_picked":["PathToVictory","JustLucky+1","Wallop"],"picked":"Singing Bowl","floor":35},{"not_picked":["CutThroughFate+1","TalkToTheHand+1"],"picked":"Prostrate+1","floor":36},{"not_picked":["Pray","Consecrate","Crescendo+1"],"picked":"Singing Bowl","floor":38},{"not_picked":["ThirdEye+1","BowlingBash+1","DeusExMachina"],"picked":"Singing Bowl","floor":39},{"not_picked":["CrushJoints","ClearTheMind","Halt"],"picked":"Singing Bowl","floor":41},{"not_picked":["Collect","Evaluate+1"],"picked":"Protect","floor":42},{"not_picked":["Swivel+1","PathToVictory+1"],"picked":"Protect+1","floor":44},{"not_picked":["InnerPeace","ThirdEye","ClearTheMind+1"],"picked":"Singing Bowl","floor":46},{"not_picked":["Crescendo+1","BowlingBash+1","Wallop"],"picked":"Singing Bowl","floor":47},{"not_picked":["Crescendo","Adaptation","FlyingSleeves+1"],"picked":"Singing Bowl","floor":48},{"not_picked":["CarveReality","Alpha","EmptyBody+1"],"picked":"Singing Bowl","floor":54}],"player_experience":292870,"relics_obtained":[{"floor":7,"key":"Juzu Bracelet"},{"floor":9,"key":"Oddly Smooth Stone"},{"floor":11,"key":"Damaru"},{"floor":14,"key":"Singing Bowl"},{"floor":26,"key":"Toy Ornithopter"},{"floor":27,"key":"CeramicFish"},{"floor":39,"key":"StoneCalendar"},{"floor":41,"key":"Orichalcum"},{"floor":44,"key":"Ornamental Fan"},{"floor":47,"key":"InkBottle"},{"floor":54,"key":"Bronze Scales"}],"event_choices":[{"damage_healed":0,"gold_gain":0,"player_choice":"Grow","damage_taken":0,"max_hp_gain":0,"max_hp_loss":0,"event_name":"Living Wall","floor":3,"gold_loss":0,"cards_upgraded":["Eruption"]},{"damage_healed":0,"gold_gain":0,"player_choice":"Success","damage_taken":33,"relics_obtained":["Darkstone Periapt"],"max_hp_gain":0,"max_hp_loss":0,"event_name":"Scrap Ooze","floor":12,"gold_loss":0},{"damage_healed":0,"gold_gain":0,"player_choice":"Ignored","damage_taken":0,"max_hp_gain":0,"max_hp_loss":0,"event_name":"The Mausoleum","floor":19,"gold_loss":0},{"damage_healed":0,"gold_gain":0,"player_choice":"Simplicity","damage_taken":0,"max_hp_gain":0,"max_hp_loss":0,"event_name":"Back to Basics","floor":20,"gold_loss":0,"cards_upgraded":["Strike_P","Strike_P","Strike_P","Strike_P","Defend_P","Defend_P","Defend_P","Defend_P"]},{"damage_healed":0,"gold_gain":0,"cards_transformed":["SignatureMove"],"player_choice":"Transformed","damage_taken":0,"max_hp_gain":0,"max_hp_loss":0,"event_name":"Transmorgrifier","floor":21,"gold_loss":0,"cards_obtained":["Prostrate"]},{"damage_healed":0,"gold_gain":0,"player_choice":"Gave Potion","damage_taken":0,"relics_obtained":["Bag of Marbles"],"max_hp_gain":0,"max_hp_loss":0,"event_name":"WeMeetAgain","floor":24,"gold_loss":0},{"cards_removed":["Defend_P"],"damage_healed":0,"gold_gain":0,"player_choice":"Removed Skill","damage_taken":0,"max_hp_gain":0,"max_hp_loss":0,"event_name":"Falling","floor":37,"gold_loss":0},{"damage_healed":0,"gold_gain":0,"player_choice":"Fight","damage_taken":0,"max_hp_gain":0,"max_hp_loss":0,"event_name":"MindBloom","floor":39,"gold_loss":0}],"is_beta":false,"boss_relics":[{"not_picked":["VioletLotus","Snecko Eye"],"picked":"SlaversCollar"},{"not_picked":["SacredBark","HolyWater"],"picked":"Empty Cage"}],"items_purged_floors":[22,45],"is_endless":false,"potions_floor_spawned":[1,7,8,11,14,18,31,33,36,39,41,42,48,54],"killed_by":"The Heart","ascension_level":5}