{"gold_per_floor":[113,125,169,169,212,256,256,256,256,36,55,55],"floor_reached":12,"playtime":736,"items_purged":["Strike_P"],"score":101,"play_id":"a3f27fdc-d513-4503-9e21-d406cd174444","local_time":"20230822215258","is_ascension_mode":true,"campfire_choices":[{"data":"Wish","floor":7,"key":"SMITH"}],"neow_cost":"NONE","seed_source_timestamp":1196888900842800,"circlet_count":0,"master_deck":["Strike_P","Strike_P","Strike_P","Defend_P","Defend_P","Defend_P","Eruption","Vigilance","Wish+1","LikeWater","Protect","ClearTheMind","EmptyMind","Brilliance"],"relics":["PureWater","Shuriken","Calipers","Blood Vial"],"potions_floor_usage":[5],"damage_taken":[{"damage":3,"enemies":"Small Slimes","floor":1,"turns":5},{"damage":0,"enemies":"Cultist","floor":2,"turns":4},{"damage":0,"enemies":"2 Louse","floor":3,"turns":3},{"damage":1,"enemies":"Blue Slaver","floor":5,"turns":8},{"damage":6,"enemies":"2 Fungi Beasts","floor":6,"turns":7},{"damage":28,"enemies":"Exordium Wildlife","floor":11,"turns":8},{"damage":70,"enemies":"Exordium Thugs","floor":12,"turns":7}],"seed_played":"1613474706305066458","potions_obtained":[{"floor":1,"key":"Swift Potion"},{"floor":5,"key":"SteroidPotion"}],"is_trial":false,"path_per_floor":["M","M","M","?","M","M","R","?","T","$","M","M"],"character_chosen":"WATCHER","items_purchased":["Blood Vial"],"campfire_rested":0,"item_purchase_floors":[10],"current_hp_per_floor":[62,62,62,62,61,55,55,55,55,55,29,0],"gold":55,"neow_bonus":"ONE_RANDOM_RARE_CARD","is_prod":false,"is_daily":false,"chose_seed":false,"campfire_upgraded":1,"win_rate":0,"timestamp":1692766378,"path_taken":["M","M","M","?","?","M","R","?","T","$","?","M"],"build_version":"2022-12-18","purchased_purges":1,"victory":false,"max_hp_per_floor":[72,72,72,72,72,72,72,72,72,72,72,72],"card_choices":[{"not_picked":["Wallop","Perseverance"],"picked":"LikeWater","floor":1},{"not_picked":["CrushJoints","EmptyFist"],"picked":"Protect","floor":2},{"not_picked":["PathToVictory","Adaptation"],"picked":"ClearTheMind","floor":3},{"not_picked":["FlurryOfBlows","Nirvana","WheelKick"],"picked":"SKIP","floor":5},{"not_picked":["CutThroughFate","EmptyFist"],"picked":"Brilliance","floor":6},{"not_picked":["Vengeance","PathToVictory","Indignation"],"picked":"SKIP","floor":11}],"player_experience":348303,"relics_obtained":[{"floor":9,"key":"Calipers"}],"event_choices":[{"damage_healed":0,"gold_gain":0,"cards_transformed":["Defend_P"],"player_choice":"Transformed","damage_taken":0,"max_hp_gain":0,"max_hp_loss":0,"event_name":"Transmorgrifier","floor":4,"gold_loss":0,"cards_obtained":["EmptyMind"]},{"damage_healed":0,"gold_gain":0,"player_choice":"Gave Potion","damage_taken":0,"relics_obtained":["Shuriken"],"max_hp_gain":0,"max_hp_loss":0,"event_name":"WeMeetAgain","floor":8,"gold_loss":0}],"is_beta":false,"boss_relics":[],"items_purged_floors":[10],"is_endless":false,"potions_floor_spawned":[1,5],"killed_by":"Exordium Thugs","ascension_level":8}