{"gold_per_floor":[212,227,247,322,322,322,347,336,360,360,360,360,176,186,186,186],"floor_reached":16,"playtime":475,"items_purged":["Strike_P"],"score":135,"play_id":"17b16dc3-17b3-4eef-9d9e-f75804136a6c","local_time":"20230820080511","is_ascension_mode":true,"campfire_choices":[{"data":"FollowUp","floor":6,"key":"SMITH"},{"data":"EmptyFist","floor":10,"key":"SMITH"},{"floor":15,"key":"REST"}],"neow_cost":"NONE","seed_source_timestamp":974676559764100,"circlet_count":0,"master_deck":["Strike_P","Strike_P","Defend_P","Defend_P","Defend_P","Defend_P","Eruption","Vigilance","FollowUp+1","LikeWater","EmptyFist+1","Meditate","Finesse"],"relics":["PureWater","Ancient Tea Set","CeramicFish","Nunchaku","Vajra"],"potions_floor_usage":[7],"damage_taken":[{"damage":0,"enemies":"Cultist","floor":1,"turns":2},{"damage":1,"enemies":"2 Louse","floor":2,"turns":2},{"damage":1,"enemies":"Small Slimes","floor":3,"turns":2},{"damage":12,"enemies":"Gremlin Nob","floor":7,"turns":3},{"damage":2,"enemies":"Exordium Thugs","floor":8,"turns":4},{"damage":3,"enemies":"Blue Slaver","floor":14,"turns":3},{"damage":39,"enemies":"Hexaghost","floor":16,"turns":9}],"seed_played":"-585141897983970361","potions_obtained":[{"floor":3,"key":"Swift Potion"},{"floor":7,"key":"FearPotion"}],"is_trial":false,"path_per_floor":["M","M","M","?","?","R","E","M","T","R","?","?","$","M","R","B"],"character_chosen":"WATCHER","items_purchased":["Meditate","Finesse"],"campfire_rested":1,"item_purchase_floors":[13,13],"current_hp_per_floor":[65,64,63,52,52,52,40,38,38,38,20,20,20,17,38,0],"gold":186,"neow_bonus":"HUNDRED_GOLD","is_prod":false,"is_daily":false,"chose_seed":false,"campfire_upgraded":2,"win_rate":0,"timestamp":1692543911,"path_taken":["M","M","?","?","?","R","E","?","T","R","?","?","$","M","R","BOSS"],"build_version":"2022-12-18","purchased_purges":1,"victory":false,"max_hp_per_floor":[72,72,72,72,72,72,72,72,72,72,72,72,72,72,72,72],"card_choices":[{"not_picked":["BowlingBash","Weave","CutThroughFate"],"picked":"SKIP","floor":1},{"not_picked":["Evaluate","SashWhip"],"picked":"FollowUp","floor":2},{"not_picked":["FollowUp","BowlingBash"],"picked":"LikeWater","floor":3},{"not_picked":["Crescendo","FollowUp"],"picked":"EmptyFist","floor":7},{"not_picked":["JustLucky","EmptyFist","Crescendo"],"picked":"SKIP","floor":8},{"not_picked":["SandsOfTime","CutThroughFate","EmptyBody"],"picked":"SKIP","floor":14}],"player_experience":321581,"relics_obtained":[{"floor":7,"key":"Ancient Tea Set"},{"floor":9,"key":"CeramicFish"}],"event_choices":[{"damage_healed":0,"gold_gain":75,"player_choice":"Gather Gold","damage_taken":11,"max_hp_gain":0,"max_hp_loss":0,"event_name":"World of Goop","floor":4,"gold_loss":0},{"cards_removed":["Strike_P"],"damage_healed":0,"gold_gain":0,"player_choice":"Purged","damage_taken":0,"max_hp_gain":0,"max_hp_loss":0,"event_name":"Purifier","floor":5,"gold_loss":0},{"damage_healed":0,"gold_gain":0,"player_choice":"Success","damage_taken":18,"relics_obtained":["Nunchaku"],"max_hp_gain":0,"max_hp_loss":0,"event_name":"Scrap Ooze","floor":11,"gold_loss":0},{"damage_healed":0,"gold_gain":0,"player_choice":"Gave Potion","damage_taken":0,"relics_obtained":["Vajra"],"max_hp_gain":0,"max_hp_loss":0,"event_name":"WeMeetAgain","floor":12,"gold_loss":0}],"is_beta":false,"boss_relics":[],"items_purged_floors":[13],"is_endless":false,"potions_floor_spawned":[3,7],"killed_by":"Hexaghost","ascension_level":7}