{"gold_per_floor":[212,232,10,25,38,63,63,98,98,98,112,145,145,145,145,240,240,252,31,31,31,56,56,83,83],"floor_reached":25,"playtime":1613,"items_purged":["Strike_P","Strike_P"],"score":263,"play_id":"38dbcb30-5011-4234-b0c0-96a436efd283","local_time":"20230816235623","is_ascension_mode":true,"campfire_choices":[{"floor":7,"key":"REST"},{"floor":10,"key":"REST"},{"data":"Prostrate","floor":13,"key":"SMITH"},{"data":"SpiritShield","floor":15,"key":"SMITH"},{"data":"BattleHymn","floor":23,"key":"SMITH"}],"neow_cost":"NONE","seed_source_timestamp":685004210799500,"circlet_count":0,"master_deck":["Strike_P","Defend_P","Defend_P","Defend_P","Eruption","Vigilance","Prostrate+1","SignatureMove","Study","SpiritShield+1","Collect","Pray","BattleHymn+1","Devotion","LikeWater","MasterReality","Scrawl","Prostrate"],"relics":["PureWater","Torii","Tiny Chest","The Courier","Darkstone Periapt","SlaversCollar","Blood Vial","Damaru","Akabeko"],"potions_floor_usage":[6,14,14,18],"damage_taken":[{"damage":0,"enemies":"Cultist","floor":1,"turns":2},{"damage":0,"enemies":"2 Louse","floor":2,"turns":1},{"damage":7,"enemies":"Jaw Worm","floor":4,"turns":5},{"damage":8,"enemies":"Exordium Thugs","floor":5,"turns":6},{"damage":46,"enemies":"Gremlin Nob","floor":6,"turns":5},{"damage":43,"enemies":"3 Sentries","floor":8,"turns":10},{"damage":0,"enemies":"Large Slime","floor":11,"turns":5},{"damage":18,"enemies":"Gremlin Nob","floor":12,"turns":5},{"damage":0,"enemies":"3 Louse","floor":14,"turns":1},{"damage":9,"enemies":"Slime Boss","floor":16,"turns":5},{"damage":24,"enemies":"3 Byrds","floor":18,"turns":7},{"damage":56,"enemies":"Slavers","floor":25,"turns":4}],"seed_played":"-6670376984308104744","potions_obtained":[{"floor":1,"key":"FairyPotion"},{"floor":4,"key":"Ambrosia"},{"floor":6,"key":"SmokeBomb"},{"floor":12,"key":"Fruit Juice"},{"floor":16,"key":"EssenceOfSteel"}],"is_trial":false,"path_per_floor":["M","M","$","M","M","E","R","E","T","R","M","E","R","M","R","B",null,"M","$","?","?","T","R","T","E"],"character_chosen":"WATCHER","items_purchased":["SignatureMove","Study","LikeWater","Blood Vial"],"campfire_rested":2,"item_purchase_floors":[3,3,19,19],"current_hp_per_floor":[72,72,72,65,57,11,32,20,20,41,41,23,23,28,28,19,77,53,53,53,53,53,53,53,0],"gold":83,"neow_bonus":"HUNDRED_GOLD","is_prod":false,"is_daily":false,"chose_seed":false,"campfire_upgraded":3,"win_rate":0,"timestamp":1692255383,"path_taken":["M","M","$","?","M","E","R","E","T","R","M","E","R","M","R","BOSS","M","$","?","?","?","R","?","E"],"build_version":"2022-12-18","purchased_purges":2,"victory":false,"max_hp_per_floor":[72,72,72,72,72,72,72,72,72,72,72,72,72,77,77,77,77,77,77,77,77,77,77,77,77],"card_choices":[{"not_picked":["Tantrum","CrushJoints","ForeignInfluence"],"picked":"SKIP","floor":1},{"not_picked":["ClearTheMind","Collect"],"picked":"Prostrate","floor":2},{"not_picked":["Indignation","SashWhip","CarveReality"],"picked":"SKIP","floor":4},{"not_picked":["SashWhip","Nirvana"],"picked":"SpiritShield","floor":5},{"not_picked":["FlurryOfBlows","FlyingSleeves"],"picked":"Collect","floor":6},{"not_picked":["Conclude","CarveReality"],"picked":"Pray","floor":8},{"not_picked":["FearNoEvil","Perseverance"],"picked":"BattleHymn","floor":11},{"not_picked":["FlyingSleeves","WaveOfTheHand","Evaluate"],"picked":"SKIP","floor":12},{"not_picked":["Omniscience","Judgement"],"picked":"Devotion","floor":16},{"not_picked":["BowlingBash+1","ReachHeaven","Consecrate"],"picked":"SKIP","floor":18}],"player_experience":271059,"relics_obtained":[{"floor":6,"key":"Torii"},{"floor":8,"key":"Tiny Chest"},{"floor":9,"key":"The Courier"},{"floor":12,"key":"Darkstone Periapt"},{"floor":22,"key":"Damaru"},{"floor":24,"key":"Akabeko"}],"event_choices":[{"damage_healed":0,"gold_gain":0,"cards_transformed":["Defend_P","Strike_P"],"player_choice":"Became Test Subject","damage_taken":0,"max_hp_gain":0,"max_hp_loss":0,"event_name":"Drug Dealer","floor":20,"gold_loss":0,"cards_obtained":["MasterReality","Scrawl"]},{"damage_healed":0,"gold_gain":0,"player_choice":"Read","damage_taken":0,"max_hp_gain":0,"max_hp_loss":0,"event_name":"The Library","floor":21,"gold_loss":0,"cards_obtained":["Prostrate"]}],"is_beta":false,"boss_relics":[{"not_picked":["Astrolabe","Runic Pyramid"],"picked":"SlaversCollar"}],"items_purged_floors":[3,19],"is_endless":false,"potions_floor_spawned":[1,4,6,12,16],"killed_by":"Slavers","ascension_level":4}