{"gold_per_floor":[110,110,129,146,71,71,86,97,97,132,132,159,234,252,252,353,403,415,330,344,344,361,361,389,39,39,0,0,0,13,44,44,140,140,153,153,7,17,17,17,27,27,27,41,41,54,54,67,67,67],"floor_reached":51,"playtime":3067,"items_purged":["Strike_P","Strike_P"],"score":899,"play_id":"b9e22729-e30b-48f4-ae6c-6c2357ccc458","local_time":"20230815015638","is_ascension_mode":true,"campfire_choices":[{"data":"Prostrate","floor":6,"key":"SMITH"},{"data":"Prostrate","floor":11,"key":"SMITH"},{"floor":15,"key":"REST"},{"data":"ThirdEye","floor":23,"key":"SMITH"},{"data":"Prostrate","floor":29,"key":"SMITH"},{"data":"Protect","floor":32,"key":"SMITH"},{"data":"SpiritShield","floor":40,"key":"SMITH"},{"floor":45,"key":"REST"},{"floor":47,"key":"REST"},{"data":"SignatureMove","floor":49,"key":"SMITH"}],"neow_cost":"NONE","seed_source_timestamp":517949113402000,"circlet_count":0,"master_deck":["Strike_P+1","Strike_P+1","Defend_P","Defend_P+1","Defend_P","Eruption","Vigilance","Prostrate+1","Prostrate","Prostrate+1","SignatureMove+1","Wireheading","ThirdEye+1","Brilliance","SpiritShield+1","Protect+1","Prostrate+1","Ragnarok+1","Protect+1","Finesse+1","Protect+1"],"relics":["PureWater","Sundial","Juzu Bracelet","Shovel","Tiny House","Bronze Scales","Molten Egg 2","Nunchaku","Toxic Egg 2","TeardropLocket","Regal Pillow","VioletLotus","Art of War","White Beast Statue","Pocketwatch"],"potions_floor_usage":[10,16,16,16,30,44,48,50,50],"damage_taken":[{"damage":2,"enemies":"2 Louse","floor":1,"turns":3},{"damage":4,"enemies":"Small Slimes","floor":3,"turns":2},{"damage":0,"enemies":"Jaw Worm","floor":4,"turns":4},{"damage":9,"enemies":"3 Louse","floor":7,"turns":5},{"damage":5,"enemies":"Blue Slaver","floor":8,"turns":7},{"damage":0,"enemies":"3 Sentries","floor":10,"turns":5},{"damage":12,"enemies":"Lagavulin","floor":12,"turns":4},{"damage":8,"enemies":"2 Fungi Beasts","floor":14,"turns":3},{"damage":2,"enemies":"Hexaghost","floor":16,"turns":6},{"damage":0,"enemies":"Chosen","floor":18,"turns":4},{"damage":11,"enemies":"3 Byrds","floor":20,"turns":4},{"damage":11,"enemies":"3 Cultists","floor":22,"turns":4},{"damage":21,"enemies":"Book of Stabbing","floor":24,"turns":6},{"damage":0,"enemies":"Chosen and Byrds","floor":30,"turns":3},{"damage":0,"enemies":"Gremlin Leader","floor":31,"turns":5},{"damage":1,"enemies":"Collector","floor":33,"turns":7},{"damage":5,"enemies":"3 Shapes","floor":35,"turns":5},{"damage":7,"enemies":"Orb Walker","floor":38,"turns":4},{"damage":44,"enemies":"4 Shapes","floor":41,"turns":5},{"damage":17,"enemies":"Transient","floor":44,"turns":5},{"damage":15,"enemies":"Maw","floor":46,"turns":7},{"damage":12,"enemies":"Jaw Worm Horde","floor":48,"turns":3},{"damage":0,"enemies":"Donu and Deca","floor":50,"turns":7}],"seed_played":"5445868822960645911","potions_obtained":[{"floor":1,"key":"AttackPotion"},{"floor":3,"key":"EntropicBrew"},{"floor":8,"key":"Ancient Potion"},{"floor":12,"key":"BlessingOfTheForge"},{"floor":17,"key":"Regen Potion"},{"floor":24,"key":"Strength Potion"},{"floor":31,"key":"DuplicationPotion"},{"floor":41,"key":"Dexterity Potion"},{"floor":44,"key":"SteroidPotion"},{"floor":46,"key":"Weak Potion"},{"floor":48,"key":"PowerPotion"}],"is_trial":false,"path_per_floor":["M","?","M","M","$","R","M","M","T","E","R","E","?","M","R","B",null,"M","?","M","?","M","R","E","$","T","?","?","R","M","E","R","B",null,"M","?","$","M","?","R","M","?","T","M","R","M","R","M","R","B",null],"character_chosen":"WATCHER","items_purchased":["Protect","Prostrate","Nunchaku","Art of War"],"campfire_rested":3,"item_purchase_floors":[25,25,25,37],"current_hp_per_floor":[70,56,52,52,52,52,43,38,38,38,38,26,15,7,28,26,77,77,77,66,66,55,55,34,34,34,34,34,34,43,43,43,42,77,72,72,72,65,65,65,21,21,21,4,42,27,65,53,53,53],"gold":67,"neow_bonus":"REMOVE_CARD","is_prod":false,"is_daily":false,"chose_seed":false,"campfire_upgraded":7,"win_rate":0,"timestamp":1692089798,"path_taken":["M","?","M","M","$","R","M","M","T","E","R","E","?","M","R","BOSS","M","?","M","?","M","R","E","$","T","?","?","R","M","E","R","BOSS","M","?","$","M","?","R","M","?","T","M","R","M","R","M","R","BOSS"],"build_version":"2022-12-18","purchased_purges":2,"victory":true,"max_hp_per_floor":[72,72,72,72,72,72,72,72,72,72,72,72,72,72,72,72,77,77,77,77,77,77,77,77,77,77,77,77,77,77,77,77,77,77,77,77,77,77,77,77,77,77,77,77,77,77,77,77,77,77],"card_choices":[{"not_picked":["Perseverance","ThirdEye"],"picked":"Prostrate","floor":1},{"not_picked":["CrushJoints","FollowUp"],"picked":"Prostrate","floor":3},{"not_picked":["CutThroughFate","FlurryOfBlows"],"picked":"Prostrate","floor":4},{"not_picked":["SashWhip","WheelKick","Conclude"],"picked":"SKIP","floor":7},{"not_picked":["WaveOfTheHand","Sanctity"],"picked":"SignatureMove","floor":8},{"not_picked":["WheelKick","FollowUp"],"picked":"Wireheading","floor":10},{"not_picked":["Fasting2","Weave"],"picked":"ThirdEye","floor":12},{"not_picked":["EmptyFist","Consecrate","CutThroughFate"],"picked":"SKIP","floor":14},{"not_picked":["Alpha","DevaForm"],"picked":"Brilliance","floor":16},{"not_picked":["EmptyBody","Crescendo","CrushJoints+1"],"picked":"SKIP","floor":18},{"not_picked":["CutThroughFate","ThirdEye"],"picked":"BattleHymn","floor":20},{"not_picked":["CrushJoints+1","Halt+1"],"picked":"SpiritShield","floor":22},{"not_picked":["Conclude+1","Wallop+1","CrushJoints+1"],"picked":"SKIP","floor":24},{"not_picked":["FollowUp+1","ReachHeaven+1","CutThroughFate+1"],"picked":"SKIP","floor":30},{"not_picked":["Judgement+1","Wallop+1","PathToVictory+1"],"picked":"SKIP","floor":31},{"not_picked":["Omniscience+1","Devotion"],"picked":"Ragnarok+1","floor":33},{"not_picked":["ThirdEye+1","EmptyFist+1","BowlingBash+1"],"picked":"SKIP","floor":35},{"not_picked":["Vengeance+1","Scrawl+1"],"picked":"Protect+1","floor":38},{"not_picked":["WindmillStrike+1","PathToVictory+1","EmptyMind+1"],"picked":"SKIP","floor":41},{"not_picked":["Dark Shackles+1","Swift Strike+1"],"picked":"Finesse+1","floor":42},{"not_picked":["TalkToTheHand+1","CrushJoints+1"],"picked":"Protect+1","floor":44},{"not_picked":["PathToVictory+1","FearNoEvil+1","FlurryOfBlows+1"],"picked":"SKIP","floor":46},{"not_picked":["ThirdEye+1","SandsOfTime+1","Fasting2"],"picked":"SKIP","floor":48}],"player_experience":243516,"relics_obtained":[{"floor":9,"key":"Sundial"},{"floor":10,"key":"Juzu Bracelet"},{"floor":12,"key":"Shovel"},{"floor":24,"key":"Molten Egg 2"},{"floor":26,"key":"Toxic Egg 2"},{"floor":31,"key":"Regal Pillow"},{"floor":43,"key":"Pocketwatch"}],"event_choices":[{"damage_healed":0,"gold_gain":0,"player_choice":"Entered Light","damage_taken":14,"max_hp_gain":0,"max_hp_loss":0,"event_name":"Shining Light","floor":2,"gold_loss":0,"cards_upgraded":["Strike_P","Defend_P"]},{"damage_healed":0,"gold_gain":75,"player_choice":"Gather Gold","damage_taken":11,"max_hp_gain":0,"max_hp_loss":0,"event_name":"World of Goop","floor":13,"gold_loss":0},{"damage_healed":0,"gold_gain":0,"player_choice":"Obtained Relic","damage_taken":0,"relics_obtained":["Bronze Scales"],"max_hp_gain":0,"max_hp_loss":0,"event_name":"Addict","floor":19,"gold_loss":85},{"damage_healed":0,"gold_gain":0,"player_choice":"Ignored","damage_taken":0,"max_hp_gain":0,"max_hp_loss":0,"event_name":"Vampires","floor":21,"gold_loss":0},{"damage_healed":0,"gold_gain":0,"player_choice":"Paid Fearfully","damage_taken":0,"max_hp_gain":0,"max_hp_loss":0,"event_name":"Masked Bandits","floor":27,"gold_loss":39},{"damage_healed":0,"gold_gain":0,"player_choice":"Opened","damage_taken":0,"relics_obtained":["TeardropLocket"],"max_hp_gain":0,"max_hp_loss":0,"event_name":"The Mausoleum","floor":28,"gold_loss":0},{"damage_healed":0,"gold_gain":0,"player_choice":"Ignored","damage_taken":0,"max_hp_gain":0,"max_hp_loss":0,"event_name":"Tomb of Lord Red Mask","floor":36,"gold_loss":0},{"cards_removed":["BattleHymn"],"damage_healed":0,"gold_gain":0,"player_choice":"Gave Card","damage_taken":0,"relics_obtained":["White Beast Statue"],"max_hp_gain":0,"max_hp_loss":0,"event_name":"WeMeetAgain","floor":39,"gold_loss":0},{"damage_healed":0,"gold_gain":0,"player_choice":"Memory 1","damage_taken":0,"max_hp_gain":0,"max_hp_loss":0,"event_name":"SensoryStone","floor":42,"gold_loss":0}],"is_beta":false,"boss_relics":[{"not_picked":["Busted Crown","Coffee Dripper"],"picked":"Tiny House"},{"not_picked":["Velvet Choker","Sozu"],"picked":"VioletLotus"}],"items_purged_floors":[5,25],"is_endless":false,"potions_floor_spawned":[1,3,8,12,22,24,31,33,35,41,44,46,48],"ascension_level":2}