{"gold_per_floor":[115,129,7,7,26,60,60,90,90,90,104,119,148,168,168,264,264,284,199,199,211,231,231,265,265,265,21,21,31,43,43,43,142,142,152,170,170,180,193,193,95,95,95,108,6,6,24,38,38,38],"floor_reached":51,"playtime":2425,"items_purged":["Defend_P","Strike_P","Strike_P"],"score":1077,"play_id":"87de4213-7fab-46b6-9f57-f76d1c9c4f25","local_time":"20230822223431","is_ascension_mode":true,"campfire_choices":[{"data":"Worship","floor":7,"key":"SMITH"},{"floor":10,"key":"REST"},{"data":"BattleHymn","floor":15,"key":"SMITH"},{"floor":23,"key":"REST"},{"data":"Establishment","floor":25,"key":"SMITH"},{"data":"Apotheosis","floor":28,"key":"SMITH"},{"floor":32,"key":"REST"},{"data":"Protect","floor":40,"key":"SMITH"},{"data":"LikeWater","floor":42,"key":"SMITH"},{"data":"LikeWater","floor":46,"key":"SMITH"},{"floor":49,"key":"REST"}],"neow_cost":"NONE","seed_source_timestamp":1197654157099500,"circlet_count":0,"master_deck":["Strike_P","Defend_P","Defend_P","Defend_P","Eruption","Vigilance","ReachHeaven","SashWhip+1","Halt","Worship+1","Tantrum","SignatureMove","ClearTheMind","Protect+1","LikeWater+1","BattleHymn+1","Devotion","Meditate+1","Establishment+1","Prostrate","DeceiveReality+1","Apotheosis+1","Brilliance","Finesse","MentalFortress+1","LikeWater+1"],"relics":["PureWater","Regal Pillow","Matryoshka","MealTicket","Dream Catcher","Meat on the Bone","VioletLotus","Thread and Needle","Blood Vial","Calipers","Darkstone Periapt","Membership Card","Busted Crown","Blue Candle"],"potions_floor_usage":[6,8,16,38,38,50,50],"damage_taken":[{"damage":0,"enemies":"Jaw Worm","floor":1,"turns":5},{"damage":4,"enemies":"2 Louse","floor":2,"turns":4},{"damage":0,"enemies":"Cultist","floor":5,"turns":2},{"damage":24,"enemies":"3 Sentries","floor":6,"turns":6},{"damage":27,"enemies":"Gremlin Nob","floor":8,"turns":3},{"damage":6,"enemies":"3 Louse","floor":11,"turns":3},{"damage":0,"enemies":"2 Fungi Beasts","floor":12,"turns":1},{"damage":20,"enemies":"Lagavulin","floor":13,"turns":7},{"damage":0,"enemies":"Large Slime","floor":14,"turns":2},{"damage":0,"enemies":"Slime Boss","floor":16,"turns":4},{"damage":23,"enemies":"2 Thieves","floor":18,"turns":4},{"damage":8,"enemies":"Chosen","floor":21,"turns":3},{"damage":27,"enemies":"Centurion and Healer","floor":22,"turns":5},{"damage":56,"enemies":"Slavers","floor":24,"turns":4},{"damage":0,"enemies":"Cultist and Chosen","floor":29,"turns":3},{"damage":0,"enemies":"Snecko","floor":30,"turns":4},{"damage":23,"enemies":"Automaton","floor":33,"turns":7},{"damage":7,"enemies":"Orb Walker","floor":35,"turns":3},{"damage":20,"enemies":"3 Shapes","floor":36,"turns":3},{"damage":5,"enemies":"Transient","floor":38,"turns":5},{"damage":11,"enemies":"Writhing Mass","floor":39,"turns":5},{"damage":18,"enemies":"3 Darklings","floor":44,"turns":5},{"damage":10,"enemies":"Spire Growth","floor":47,"turns":4},{"damage":13,"enemies":"Maw","floor":48,"turns":7},{"damage":12,"enemies":"Donu and Deca","floor":50,"turns":7}],"seed_played":"8373223873968571358","potions_obtained":[{"floor":1,"key":"Ancient Potion"},{"floor":2,"key":"LiquidMemories"},{"floor":6,"key":"DistilledChaos"},{"floor":14,"key":"LiquidMemories"},{"floor":21,"key":"PowerPotion"},{"floor":29,"key":"Fire Potion"},{"floor":33,"key":"Fruit Juice"},{"floor":44,"key":"EssenceOfSteel"}],"is_trial":false,"path_per_floor":["M","M","$","?","M","E","R","E","T","R","M","M","E","M","R","B",null,"M","?","?","M","M","R","E","R","T","$","R","M","M","?","R","B",null,"M","M","?","M","M","R","$","R","T","M","$","R","M","M","R","B",null],"character_chosen":"WATCHER","items_purchased":["Halt","Membership Card","Apotheosis","Finesse","LikeWater"],"campfire_rested":4,"item_purchase_floors":[3,27,27,41,45],"current_hp_per_floor":[72,68,68,68,68,44,44,17,17,55,49,49,29,41,41,41,70,47,47,47,51,36,74,30,30,30,45,45,47,49,34,74,53,76,71,53,53,55,46,46,61,61,61,45,60,60,52,53,89,77],"gold":38,"neow_bonus":"TEN_PERCENT_HP_BONUS","is_prod":false,"is_daily":false,"chose_seed":false,"campfire_upgraded":7,"win_rate":0,"timestamp":1692768871,"path_taken":["M","M","$","?","M","E","R","E","T","R","M","M","E","M","R","BOSS","M","?","?","M","M","R","E","R","T","$","R","?","M","?","R","BOSS","M","M","?","M","M","R","$","R","T","M","$","R","M","M","R","BOSS"],"build_version":"2022-12-18","purchased_purges":3,"victory":true,"max_hp_per_floor":[79,79,79,79,79,79,79,79,79,79,79,79,79,79,79,79,79,79,79,79,79,79,79,79,79,79,79,79,79,79,84,84,84,84,84,84,84,89,89,89,89,89,89,89,89,89,89,89,89,89],"card_choices":[{"not_picked":["SashWhip","CrushJoints"],"picked":"ReachHeaven","floor":1},{"not_picked":["BowlingBash","Evaluate"],"picked":"SashWhip","floor":2},{"not_picked":["Weave","FlurryOfBlows"],"picked":"Worship","floor":5},{"not_picked":["PathToVictory","Wish"],"picked":"Tantrum","floor":6},{"not_picked":["FollowUp","FlurryOfBlows"],"picked":"SignatureMove","floor":8},{"not_picked":["FlurryOfBlows","CarveReality"],"picked":"ClearTheMind","floor":10},{"not_picked":["CrushJoints","CutThroughFate","Meditate"],"picked":"SKIP","floor":11},{"not_picked":["Fasting2","CrushJoints"],"picked":"Protect","floor":12},{"not_picked":["FlurryOfBlows","Crescendo"],"picked":"LikeWater","floor":13},{"not_picked":["FlyingSleeves","Protect"],"picked":"BattleHymn","floor":14},{"not_picked":["SpiritShield","LessonLearned"],"picked":"Devotion","floor":16},{"not_picked":["EmptyFist+1","SashWhip"],"picked":"Meditate+1","floor":18},{"not_picked":["Consecrate","ClearTheMind","Crescendo+1"],"picked":"SKIP","floor":21},{"not_picked":["EmptyBody","FlyingSleeves+1"],"picked":"Prostrate","floor":22},{"not_picked":["FlyingSleeves+1","Devotion"],"picked":"DeceiveReality+1","floor":24},{"not_picked":["SashWhip","Perseverance","FearNoEvil"],"picked":"SKIP","floor":29},{"not_picked":["Worship","CarveReality+1","JustLucky"],"picked":"SKIP","floor":30},{"not_picked":["DeusExMachina","Devotion"],"picked":"Brilliance","floor":33},{"not_picked":["BowlingBash"],"picked":"SKIP","floor":35},{"not_picked":["Perseverance"],"picked":"SKIP","floor":36},{"not_picked":["Evaluate"],"picked":"SKIP","floor":38},{"not_picked":["EmptyFist+1"],"picked":"SKIP","floor":39},{"not_picked":[],"picked":"MentalFortress+1","floor":44},{"not_picked":["InnerPeace"],"picked":"SKIP","floor":47},{"not_picked":["Pray"],"picked":"SKIP","floor":48}],"player_experience":349039,"relics_obtained":[{"floor":6,"key":"Regal Pillow"},{"floor":8,"key":"Matryoshka"},{"floor":9,"key":"MealTicket"},{"floor":9,"key":"Dream Catcher"},{"floor":13,"key":"Meat on the Bone"},{"floor":24,"key":"Blood Vial"},{"floor":26,"key":"Calipers"},{"floor":26,"key":"Darkstone Periapt"},{"floor":43,"key":"Blue Candle"}],"event_choices":[{"damage_healed":0,"gold_gain":0,"player_choice":"Grow","damage_taken":0,"max_hp_gain":0,"max_hp_loss":0,"event_name":"Living Wall","floor":4,"gold_loss":0,"cards_upgraded":["SashWhip"]},{"damage_healed":0,"gold_gain":0,"player_choice":"Obtained Relic","damage_taken":0,"relics_obtained":["Thread and Needle"],"max_hp_gain":0,"max_hp_loss":0,"event_name":"Addict","floor":19,"gold_loss":85},{"damage_healed":0,"gold_gain":0,"player_choice":"1 cards matched","damage_taken":0,"max_hp_gain":0,"max_hp_loss":0,"event_name":"Match and Keep!","floor":20,"gold_loss":0,"cards_obtained":["Establishment"]},{"damage_healed":0,"gold_gain":0,"player_choice":"Shed Blood","damage_taken":20,"max_hp_gain":5,"max_hp_loss":0,"event_name":"Forgotten Altar","floor":31,"gold_loss":0},{"cards_removed":["Strike_P"],"damage_healed":0,"gold_gain":0,"player_choice":"Removed Attack","damage_taken":0,"max_hp_gain":0,"max_hp_loss":0,"event_name":"Falling","floor":37,"gold_loss":0}],"is_beta":false,"boss_relics":[{"not_picked":["Astrolabe","Sozu"],"picked":"VioletLotus"},{"not_picked":["HolyWater","Tiny House"],"picked":"Busted Crown"}],"items_purged_floors":[3,41,45],"is_endless":false,"potions_floor_spawned":[1,2,6,14,21,29,33,36,44],"ascension_level":8}