{"gold_per_floor":[119,15,34,45,45,45,56,56,83,83,98,117,143,160,160,235,235,220,220,237,8,8,8,43,63,63,93,104,104,119,169,169,246,246,257,282,282,44,55,55,86,86,113,132,150,150,167,15,15,15],"floor_reached":51,"playtime":2631,"items_purged":["Strike_P"],"score":1247,"play_id":"3967ddcc-c6ae-4272-a035-21824eeafc4d","local_time":"20230903133135","is_ascension_mode":true,"campfire_choices":[{"data":"BattleHymn","floor":6,"key":"SMITH"},{"data":"Pray","floor":10,"key":"SMITH"},{"data":"Eruption","floor":15,"key":"SMITH"},{"data":"Vigilance","floor":23,"key":"SMITH"},{"data":"Prostrate","floor":29,"key":"SMITH"},{"floor":32,"key":"REST"},{"data":"Protect","floor":40,"key":"SMITH"},{"data":"Protect","floor":42,"key":"SMITH"},{"data":"Brilliance","floor":49,"key":"SMITH"}],"neow_cost":"NONE","seed_source_timestamp":2201742436248300,"circlet_count":0,"master_deck":["AscendersBane","Defend_P+1","Defend_P+1","Defend_P","Eruption+1","Vigilance+1","Protect+1","BattleHymn+1","ThirdEye+1","ClearTheMind+1","Protect+1","Pray+1","DeceiveReality+1","Brilliance+1","LessonLearned+1","Prostrate+1","Tantrum","SpiritShield+1","DevaForm+1","DeceiveReality+1","Conclude+1","BattleHymn+1"],"relics":["PureWater","PreservedInsect","Kunai","Art of War","Odd Mushroom","Philosopher\u0027s Stone","Regal Pillow","Dead Branch","Shuriken","Happy Flower","Astrolabe","Bird Faced Urn","Bottled Tornado","Boot","MealTicket","Bag of Preparation"],"potions_floor_usage":[16,24,25,27,27,27,50],"damage_taken":[{"damage":6,"enemies":"2 Louse","floor":1,"turns":3},{"damage":0,"enemies":"Jaw Worm","floor":3,"turns":5},{"damage":1,"enemies":"Cultist","floor":4,"turns":6},{"damage":0,"enemies":"Looter","floor":7,"turns":3},{"damage":8,"enemies":"3 Louse","floor":11,"turns":4},{"damage":1,"enemies":"Exordium Thugs","floor":12,"turns":6},{"damage":2,"enemies":"The Mushroom Lair","floor":13,"turns":4},{"damage":0,"enemies":"Looter","floor":14,"turns":4},{"damage":14,"enemies":"Slime Boss","floor":16,"turns":9},{"damage":3,"enemies":"2 Thieves","floor":18,"turns":5},{"damage":7,"enemies":"Spheric Guardian","floor":20,"turns":4},{"damage":6,"enemies":"Book of Stabbing","floor":24,"turns":5},{"damage":0,"enemies":"Chosen and Byrds","floor":25,"turns":5},{"damage":6,"enemies":"Gremlin Leader","floor":27,"turns":5},{"damage":7,"enemies":"Snake Plant","floor":28,"turns":4},{"damage":16,"enemies":"Centurion and Healer","floor":30,"turns":5},{"damage":16,"enemies":"Automaton","floor":33,"turns":8},{"damage":0,"enemies":"Orb Walker","floor":35,"turns":4},{"damage":0,"enemies":"Mind Bloom Boss Battle","floor":36,"turns":6},{"damage":13,"enemies":"3 Shapes","floor":39,"turns":9},{"damage":18,"enemies":"Nemesis","floor":41,"turns":5},{"damage":0,"enemies":"Spire Growth","floor":44,"turns":4},{"damage":23,"enemies":"Sphere and 2 Shapes","floor":45,"turns":5},{"damage":4,"enemies":"4 Shapes","floor":47,"turns":5},{"damage":55,"enemies":"Awakened One","floor":50,"turns":9}],"seed_played":"1210025072711754037","potions_obtained":[{"floor":3,"key":"Weak Potion"},{"floor":12,"key":"FearPotion"},{"floor":16,"key":"DuplicationPotion"},{"floor":20,"key":"PowerPotion"},{"floor":22,"key":"EntropicBrew"},{"floor":24,"key":"EssenceOfSteel"},{"floor":33,"key":"SpeedPotion"},{"floor":35,"key":"LiquidBronze"},{"floor":36,"key":"Strength Potion"},{"floor":41,"key":"LiquidMemories"}],"is_trial":false,"path_per_floor":["M","$","M","M","?","R","M","T","T","R","M","M","?","M","R","B",null,"M","?","M","$","?","R","E","M","T","E","M","R","M","?","R","B",null,"M","?","?","$","M","R","E","R","T","M","M","?","M","$","R","B",null],"character_chosen":"WATCHER","items_purchased":["BattleHymn","ThirdEye","Regal Pillow","Bottled Tornado","Bag of Preparation"],"campfire_rested":1,"item_purchase_floors":[2,2,21,38,48],"current_hp_per_floor":[55,55,55,54,54,54,54,54,54,54,46,45,43,43,43,29,58,55,55,48,48,48,48,42,42,42,36,29,29,13,13,48,32,59,59,59,59,59,52,52,40,40,40,44,27,68,64,68,68,19],"gold":15,"neow_bonus":"RANDOM_COMMON_RELIC","is_prod":false,"is_daily":false,"chose_seed":false,"campfire_upgraded":8,"win_rate":0,"timestamp":1693773095,"path_taken":["M","$","M","M","?","R","M","?","T","R","M","?","?","M","R","BOSS","M","?","M","$","?","R","E","?","T","E","M","R","M","?","R","BOSS","M","?","?","$","M","R","E","R","T","M","M","?","?","$","R","BOSS"],"build_version":"2022-12-18","purchased_purges":1,"victory":true,"max_hp_per_floor":[68,68,68,68,68,68,68,68,68,68,68,68,68,68,68,68,68,68,68,68,68,68,68,68,68,68,68,68,68,68,68,68,68,68,68,68,68,68,68,68,68,68,68,68,68,68,68,68,68,68],"card_choices":[{"not_picked":["Halt","WaveOfTheHand"],"picked":"Protect","floor":1},{"not_picked":["FearNoEvil","JustLucky"],"picked":"ClearTheMind","floor":3},{"not_picked":["Fasting2","PathToVictory"],"picked":"Protect","floor":4},{"not_picked":["ReachHeaven","Protect"],"picked":"Pray","floor":7},{"not_picked":["InnerPeace","Weave","Protect"],"picked":"SKIP","floor":11},{"not_picked":["Tantrum","Adaptation"],"picked":"DeceiveReality","floor":12},{"not_picked":["PathToVictory","EmptyFist","DevaForm"],"picked":"SKIP","floor":14},{"not_picked":["DeusExMachina","Scrawl"],"picked":"Brilliance","floor":16},{"not_picked":["CutThroughFate","FollowUp","Consecrate"],"picked":"SKIP","floor":18},{"not_picked":["CutThroughFate+1","Swivel","ClearTheMind"],"picked":"SKIP","floor":20},{"not_picked":["Conclude","Wireheading"],"picked":"LessonLearned","floor":24},{"not_picked":["ThirdEye","EmptyMind+1"],"picked":"Prostrate","floor":25},{"not_picked":["CarveReality","ClearTheMind"],"picked":"Tantrum","floor":27},{"not_picked":["EmptyBody","PathToVictory","Crescendo"],"picked":"SKIP","floor":28},{"not_picked":["FearNoEvil","CutThroughFate"],"picked":"SpiritShield","floor":30},{"not_picked":["Wish","ConjureBlade"],"picked":"DevaForm","floor":33},{"not_picked":["EmptyBody","Evaluate","Consecrate"],"picked":"SKIP","floor":35},{"not_picked":["PathToVictory","Protect","EmptyMind"],"picked":"SKIP","floor":39},{"not_picked":["CutThroughFate","Conclude","FollowUp+1"],"picked":"SKIP","floor":41},{"not_picked":["TalkToTheHand","FlurryOfBlows","Halt+1"],"picked":"SKIP","floor":44},{"not_picked":["Conclude","ClearTheMind","BowlingBash"],"picked":"SKIP","floor":45},{"not_picked":["Wireheading","Swivel+1","Crescendo"],"picked":"SKIP","floor":47}],"player_experience":467433,"relics_obtained":[{"floor":8,"key":"Kunai"},{"floor":9,"key":"Art of War"},{"floor":13,"key":"Odd Mushroom"},{"floor":24,"key":"Dead Branch"},{"floor":26,"key":"Shuriken"},{"floor":27,"key":"Happy Flower"},{"floor":36,"key":"Bird Faced Urn"},{"floor":41,"key":"Boot"},{"floor":43,"key":"MealTicket"}],"event_choices":[{"cards_removed":["Strike_P"],"damage_healed":0,"gold_gain":0,"player_choice":"Forget","damage_taken":0,"max_hp_gain":0,"max_hp_loss":0,"event_name":"Living Wall","floor":5,"gold_loss":0},{"damage_healed":0,"gold_gain":0,"player_choice":"Fought Mushrooms","damage_taken":0,"max_hp_gain":0,"max_hp_loss":0,"event_name":"Mushrooms","floor":13,"gold_loss":0},{"damage_healed":0,"gold_gain":0,"player_choice":"Ignored","damage_taken":0,"max_hp_gain":0,"max_hp_loss":0,"event_name":"The Mausoleum","floor":19,"gold_loss":0},{"damage_healed":0,"gold_gain":0,"player_choice":"Got Potions","damage_taken":0,"max_hp_gain":0,"max_hp_loss":0,"event_name":"Lab","floor":22,"gold_loss":0},{"damage_healed":0,"gold_gain":50,"player_choice":"Stole From Cult","damage_taken":0,"max_hp_gain":0,"max_hp_loss":0,"event_name":"Nest","floor":31,"gold_loss":0},{"damage_healed":0,"gold_gain":0,"player_choice":"Fight","damage_taken":0,"max_hp_gain":0,"max_hp_loss":0,"event_name":"MindBloom","floor":36,"gold_loss":0},{"damage_healed":0,"gold_gain":0,"player_choice":"Ignored","damage_taken":0,"max_hp_gain":0,"max_hp_loss":0,"event_name":"Mysterious Sphere","floor":37,"gold_loss":0},{"damage_healed":41,"gold_gain":0,"player_choice":"Full Heal","damage_taken":0,"max_hp_gain":0,"max_hp_loss":0,"event_name":"Wheel of Change","floor":46,"gold_loss":0}],"is_beta":false,"boss_relics":[{"not_picked":["Empty Cage","Ectoplasm"],"picked":"Philosopher\u0027s Stone"},{"not_picked":["Pandora\u0027s Box","Velvet Choker"],"picked":"Astrolabe"}],"items_purged_floors":[21],"is_endless":false,"potions_floor_spawned":[3,12,14,16,20,24,33,35,36,41,47],"ascension_level":15}