{"gold_per_floor":[110,185,66,66,79,79,97,116,116,116,116,116,67,101,101,173,173,184,204,204,217,231,231,246,171,171,71,97,97,113,113,113,191,241,261,261,280,280,280],"floor_reached":39,"playtime":2297,"items_purged":["Strike_P","Writhe"],"score":830,"play_id":"ba6d804e-c791-4663-9120-74760ac36eb4","local_time":"20230903124540","is_ascension_mode":true,"campfire_choices":[{"floor":6,"key":"REST"},{"data":"EmptyFist","floor":10,"key":"SMITH"},{"floor":12,"key":"REST"},{"floor":15,"key":"REST"},{"data":"MentalFortress","floor":23,"key":"SMITH"},{"data":"WindmillStrike","floor":29,"key":"SMITH"},{"floor":32,"key":"REST"}],"neow_cost":"TEN_PERCENT_HP_LOSS","seed_source_timestamp":2199328465556400,"circlet_count":0,"master_deck":["AscendersBane","Strike_P","Defend_P","Defend_P","Defend_P","Defend_P","Eruption","Vigilance","LikeWater","Crescendo","EmptyFist+1","MentalFortress","FearNoEvil+1","ReachHeaven","Crescendo","WindmillStrike+1","Sanctity","Protect","Tantrum+1","MentalFortress+1","LikeWater","InnerPeace","Protect","Indignation","EmptyBody","MentalFortress","Omniscience","ClearTheMind","ClearTheMind","Adaptation","EmptyBody"],"relics":["PureWater","Prayer Wheel","Oddly Smooth Stone","Matryoshka","Molten Egg 2","Cursed Key","Gremlin Horn","Omamori","Question Card","Tiny House"],"potions_floor_usage":[8,14,14,18,19,30],"damage_taken":[{"damage":4,"enemies":"Small Slimes","floor":1,"turns":5},{"damage":4,"enemies":"2 Louse","floor":5,"turns":4},{"damage":0,"enemies":"Jaw Worm","floor":7,"turns":2},{"damage":5,"enemies":"Gremlin Gang","floor":8,"turns":4},{"damage":24,"enemies":"Gremlin Nob","floor":14,"turns":3},{"damage":0,"enemies":"The Guardian","floor":16,"turns":11},{"damage":13,"enemies":"2 Thieves","floor":18,"turns":5},{"damage":26,"enemies":"3 Byrds","floor":19,"turns":5},{"damage":21,"enemies":"Snake Plant","floor":21,"turns":3},{"damage":12,"enemies":"Shelled Parasite and Fungi","floor":22,"turns":4},{"damage":8,"enemies":"Sentry and Sphere","floor":24,"turns":8},{"damage":0,"enemies":"Gremlin Leader","floor":28,"turns":5},{"damage":3,"enemies":"Cultist and Chosen","floor":30,"turns":7},{"damage":12,"enemies":"Champ","floor":33,"turns":11},{"damage":7,"enemies":"Orb Walker","floor":35,"turns":4},{"damage":37,"enemies":"3 Darklings","floor":37,"turns":7},{"damage":44,"enemies":"Transient","floor":39,"turns":3}],"seed_played":"4565046014562048126","potions_obtained":[{"floor":1,"key":"Weak Potion"},{"floor":7,"key":"SneckoOil"},{"floor":16,"key":"Block Potion"},{"floor":18,"key":"DistilledChaos"},{"floor":21,"key":"Dexterity Potion"},{"floor":28,"key":"SkillPotion"},{"floor":33,"key":"Strength Potion"},{"floor":34,"key":"Dexterity Potion"}],"is_trial":false,"path_per_floor":["M","?","$","?","M","R","M","M","T","R","?","R","$","E","R","B",null,"M","M","?","M","M","R","M","$","T","$","E","R","M","$","R","B",null,"M","?","M","?","M"],"character_chosen":"WATCHER","items_purchased":["EmptyFist","MentalFortress","PowerPotion"],"campfire_rested":4,"item_purchase_floors":[3,3,13],"current_hp_per_floor":[57,46,46,28,24,42,42,37,37,37,30,48,48,24,42,42,57,44,18,72,51,39,39,31,31,31,31,31,31,28,28,49,37,68,61,61,24,24,0],"gold":280,"neow_bonus":"ONE_RARE_RELIC","is_prod":false,"is_daily":false,"chose_seed":false,"campfire_upgraded":3,"win_rate":0,"timestamp":1693770340,"path_taken":["M","?","$","?","M","R","M","M","T","R","?","R","$","E","R","BOSS","M","M","?","?","M","R","M","$","T","$","E","R","M","$","R","BOSS","M","?","?","?","M"],"build_version":"2022-12-18","purchased_purges":2,"victory":false,"max_hp_per_floor":[62,62,62,62,62,62,62,62,62,62,62,62,62,62,62,62,62,62,62,72,72,72,72,72,72,72,72,72,72,72,72,72,72,77,77,77,77,77,77],"card_choices":[{"not_picked":["WaveOfTheHand","Protect"],"picked":"LikeWater","floor":1},{"not_picked":["CutThroughFate","FlyingSleeves"],"picked":"Crescendo","floor":1},{"not_picked":["Prostrate","FollowUp"],"picked":"FearNoEvil","floor":5},{"not_picked":["Halt","CrushJoints"],"picked":"ReachHeaven","floor":5},{"not_picked":["WreathOfFlame","BowlingBash"],"picked":"Crescendo","floor":7},{"not_picked":["BowlingBash","Weave","Crescendo"],"picked":"SKIP","floor":7},{"not_picked":["Halt","Crescendo"],"picked":"WindmillStrike","floor":8},{"not_picked":["Pray","JustLucky"],"picked":"Sanctity","floor":8},{"not_picked":["DevaForm","Alpha"],"picked":"Protect","floor":14},{"not_picked":["DevaForm","Omniscience"],"picked":"MasterReality","floor":16},{"not_picked":["Pray","ReachHeaven+1"],"picked":"Tantrum+1","floor":18},{"not_picked":["JustLucky+1","FollowUp+1","TalkToTheHand+1"],"picked":"SKIP","floor":18},{"not_picked":["BowlingBash+1","CarveReality+1","Halt"],"picked":"SKIP","floor":19},{"not_picked":["WaveOfTheHand","PathToVictory","FlurryOfBlows+1"],"picked":"SKIP","floor":19},{"not_picked":["EmptyFist+1","JustLucky+1"],"picked":"MentalFortress","floor":21},{"not_picked":["PathToVictory","Evaluate"],"picked":"LikeWater","floor":21},{"not_picked":["CrushJoints+1","Protect+1"],"picked":"InnerPeace","floor":22},{"not_picked":["FollowUp+1","FlyingSleeves+1"],"picked":"Protect","floor":22},{"not_picked":["ReachHeaven+1","Scrawl","Protect"],"picked":"SKIP","floor":24},{"not_picked":["ReachHeaven+1","CrushJoints+1","Conclude+1"],"picked":"SKIP","floor":24},{"not_picked":["ThirdEye","Consecrate+1"],"picked":"Indignation","floor":28},{"not_picked":["Consecrate+1","MentalFortress","Protect"],"picked":"EmptyBody","floor":30},{"not_picked":["FlurryOfBlows+1","Protect","Prostrate"],"picked":"MentalFortress","floor":30},{"not_picked":["MasterReality","Brilliance+1","Vault"],"picked":"Omniscience","floor":33},{"not_picked":["MentalFortress","Consecrate+1","Vengeance"],"picked":"ClearTheMind","floor":35},{"not_picked":["CrushJoints+1","Judgement","WreathOfFlame"],"picked":"ClearTheMind","floor":35},{"not_picked":["BowlingBash+1","PathToVictory","Halt"],"picked":"EmptyBody","floor":37},{"not_picked":["WheelKick+1","ForeignInfluence","SashWhip+1","BowlingBash+1"],"picked":"SKIP","floor":37}],"player_experience":465136,"relics_obtained":[{"floor":9,"key":"Matryoshka"},{"floor":14,"key":"Molten Egg 2"},{"floor":26,"key":"Gremlin Horn"},{"floor":26,"key":"Omamori"},{"floor":28,"key":"Question Card"}],"event_choices":[{"damage_healed":0,"gold_gain":75,"player_choice":"Gather Gold","damage_taken":11,"max_hp_gain":0,"max_hp_loss":0,"event_name":"World of Goop","floor":2,"gold_loss":0},{"damage_healed":0,"gold_gain":0,"player_choice":"Success","damage_taken":18,"relics_obtained":["Oddly Smooth Stone"],"max_hp_gain":0,"max_hp_loss":0,"event_name":"Scrap Ooze","floor":4,"gold_loss":0},{"cards_removed":["Strike_P"],"damage_healed":0,"gold_gain":0,"player_choice":"Card Removal","damage_taken":7,"max_hp_gain":0,"max_hp_loss":0,"event_name":"Golden Wing","floor":11,"gold_loss":0},{"cards_removed":["MasterReality"],"damage_healed":44,"gold_gain":0,"player_choice":"Offered Rare","damage_taken":0,"max_hp_gain":10,"max_hp_loss":0,"event_name":"Bonfire Elementals","floor":20,"gold_loss":0},{"damage_healed":0,"gold_gain":0,"cards_transformed":["Strike_P"],"player_choice":"Transformed","damage_taken":0,"max_hp_gain":0,"max_hp_loss":0,"event_name":"Transmorgrifier","floor":36,"gold_loss":0,"cards_obtained":["Adaptation"]},{"damage_healed":0,"gold_gain":0,"player_choice":"Ignored","damage_taken":0,"max_hp_gain":0,"max_hp_loss":0,"event_name":"Tomb of Lord Red Mask","floor":38,"gold_loss":0}],"is_beta":false,"boss_relics":[{"not_picked":["Calling Bell","SlaversCollar"],"picked":"Cursed Key"},{"not_picked":["Pandora\u0027s Box","Fusion Hammer"],"picked":"Tiny House"}],"items_purged_floors":[25,27],"is_endless":false,"potions_floor_spawned":[1,7,16,18,21,28,33],"killed_by":"Transient","ascension_level":15}