{"gold_per_floor":[119,119,129,129,146,146,181,181,181,191,216,226,226,226,226,300,300,315,315,326,342,14,14,14,14,41,41,56,67,78,25,25,101,151,169,182,43,43,68,398,398,410,436,506,506,522,122,138,138,138],"floor_reached":51,"playtime":2728,"items_purged":["Strike_P","Bite","Writhe"],"score":1312,"play_id":"d4ad5a03-6947-4191-875f-a1ed455fa99a","local_time":"20230905165755","is_ascension_mode":true,"campfire_choices":[{"data":"CarveReality","floor":6,"key":"SMITH"},{"data":"Consecrate","floor":8,"key":"SMITH"},{"data":"Evaluate","floor":13,"key":"SMITH"},{"data":"EmptyBody","floor":15,"key":"SMITH"},{"data":"BattleHymn","floor":23,"key":"SMITH"},{"data":"Prostrate","floor":25,"key":"SMITH"},{"data":"Prostrate","floor":32,"key":"SMITH"},{"data":"MentalFortress","floor":41,"key":"SMITH"},{"data":"ThirdEye","floor":45,"key":"SMITH"},{"data":"Scrawl","floor":49,"key":"SMITH"}],"neow_cost":"NONE","seed_source_timestamp":2386837443193500,"circlet_count":0,"master_deck":["AscendersBane","Defend_P","Defend_P","Defend_P","Defend_P","Eruption+1","Vigilance+1","Consecrate+1","CutThroughFate","CarveReality+1","Weave","Evaluate+1","EmptyBody+1","MasterReality+1","Prostrate+1","ClearTheMind","Prostrate+1","BattleHymn+1","Finesse","Bite","Bite","Bite","Bite","Wireheading+1","ThirdEye+1","Prostrate+1","Scrawl+1","Prostrate+1","Prostrate+1","MentalFortress+1","InnerPeace","CutThroughFate+1"],"relics":["Coffee Dripper","InkBottle","Akabeko","Happy Flower","Blood Vial","Empty Cage","Art of War","Tiny House","FossilizedHelix","Old Coin","Smiling Mask","Molten Egg 2","ClockworkSouvenir"],"potions_floor_usage":[11,21,30,33,35,50,50],"damage_taken":[{"damage":0,"enemies":"Small Slimes","floor":1,"turns":3},{"damage":9,"enemies":"2 Louse","floor":3,"turns":2},{"damage":0,"enemies":"Cultist","floor":5,"turns":1},{"damage":17,"enemies":"3 Sentries","floor":7,"turns":8},{"damage":0,"enemies":"Large Slime","floor":10,"turns":2},{"damage":0,"enemies":"Lagavulin","floor":11,"turns":2},{"damage":1,"enemies":"Looter","floor":12,"turns":2},{"damage":22,"enemies":"Hexaghost","floor":16,"turns":7},{"damage":7,"enemies":"Chosen","floor":18,"turns":4},{"damage":0,"enemies":"Spheric Guardian","floor":20,"turns":3},{"damage":9,"enemies":"Snecko","floor":21,"turns":5},{"damage":12,"enemies":"Sentry and Sphere","floor":28,"turns":6},{"damage":10,"enemies":"3 Cultists","floor":29,"turns":3},{"damage":8,"enemies":"Snecko","floor":30,"turns":6},{"damage":1,"enemies":"Champ","floor":33,"turns":7},{"damage":2,"enemies":"3 Shapes","floor":35,"turns":5},{"damage":37,"enemies":"3 Darklings","floor":36,"turns":5},{"damage":0,"enemies":"Mind Bloom Boss Battle","floor":39,"turns":4},{"damage":0,"enemies":"Giant Head","floor":40,"turns":6},{"damage":8,"enemies":"Maw","floor":42,"turns":6},{"damage":0,"enemies":"Spire Growth","floor":46,"turns":5},{"damage":21,"enemies":"Jaw Worm Horde","floor":48,"turns":3},{"damage":32,"enemies":"Awakened One","floor":50,"turns":10}],"seed_played":"7687151369307163638","potions_obtained":[{"floor":7,"key":"FearPotion"},{"floor":10,"key":"FearPotion"},{"floor":18,"key":"Energy Potion"},{"floor":21,"key":"StancePotion"},{"floor":30,"key":"ColorlessPotion"},{"floor":33,"key":"Block Potion"},{"floor":39,"key":"FearPotion"},{"floor":46,"key":"LiquidBronze"}],"is_trial":false,"path_per_floor":["M","?","M","?","M","R","E","R","T","M","E","M","R","?","R","B",null,"M","?","M","M","$","R","?","R","T","?","M","M","M","$","R","B",null,"M","M","$","?","?","E","R","M","T","T","R","M","$","M","R","B",null],"character_chosen":"WATCHER","items_purchased":["Prostrate","BattleHymn","Finesse","Prostrate","MentalFortress","ClockworkSouvenir","PowerPotion","InnerPeace","CutThroughFate+1"],"campfire_rested":0,"item_purchase_floors":[22,22,22,31,37,47,47,47,47],"current_hp_per_floor":[61,41,32,54,54,54,37,37,37,37,37,36,36,36,36,16,55,50,31,33,26,26,26,26,26,26,26,28,24,30,30,30,45,55,56,25,25,36,44,56,56,48,48,48,48,56,56,35,35,15],"gold":138,"neow_bonus":"BOSS_RELIC","is_prod":false,"is_daily":false,"chose_seed":false,"campfire_upgraded":10,"win_rate":0,"timestamp":1693958275,"path_taken":["M","?","M","?","M","R","E","R","T","M","E","M","R","?","R","BOSS","M","?","M","M","$","R","?","R","T","?","?","M","M","$","R","BOSS","M","M","$","?","?","E","R","M","T","?","R","M","$","M","R","BOSS"],"build_version":"2022-12-18","purchased_purges":3,"victory":true,"max_hp_per_floor":[68,68,68,68,68,68,68,68,68,68,68,68,68,68,68,68,68,68,73,73,73,73,73,51,51,51,51,51,51,51,51,51,51,56,56,56,56,56,56,56,56,56,56,56,56,56,56,56,56,56],"card_choices":[{"not_picked":["SashWhip","Fasting2"],"picked":"Consecrate","floor":1},{"not_picked":["Consecrate","Wireheading"],"picked":"CutThroughFate","floor":3},{"not_picked":["BowlingBash","Crescendo"],"picked":"CarveReality","floor":5},{"not_picked":["Halt","Pray"],"picked":"Weave","floor":7},{"not_picked":["ConjureBlade","Meditate"],"picked":"Evaluate","floor":10},{"not_picked":["FlurryOfBlows","BowlingBash","Adaptation"],"picked":"SKIP","floor":11},{"not_picked":["WheelKick","Vengeance"],"picked":"EmptyBody","floor":12},{"not_picked":["Establishment","DeusExMachina"],"picked":"MasterReality","floor":16},{"not_picked":["BowlingBash","Protect"],"picked":"Prostrate+1","floor":18},{"not_picked":["Weave","Study"],"picked":"ClearTheMind","floor":20},{"not_picked":["Collect","PathToVictory+1","FollowUp"],"picked":"SKIP","floor":21},{"not_picked":["Halt","Ragnarok"],"picked":"Wireheading+1","floor":28},{"not_picked":["SandsOfTime","PathToVictory"],"picked":"ThirdEye","floor":29},{"not_picked":["Consecrate+1","Fasting2","FlurryOfBlows"],"picked":"SKIP","floor":30},{"not_picked":["DevaForm","Judgement"],"picked":"Scrawl","floor":33},{"not_picked":["Consecrate","Worship"],"picked":"Prostrate+1","floor":34},{"not_picked":["Wallop+1","BowlingBash"],"picked":"Prostrate+1","floor":35},{"not_picked":["EmptyFist","ThirdEye","EmptyMind"],"picked":"SKIP","floor":36},{"not_picked":["EmptyFist","BowlingBash","FlurryOfBlows"],"picked":"SKIP","floor":40},{"not_picked":["Crescendo","BowlingBash","Consecrate"],"picked":"SKIP","floor":42},{"not_picked":["Evaluate","WaveOfTheHand","Scrawl"],"picked":"SKIP","floor":46},{"not_picked":["ThirdEye+1","Consecrate+1","Crescendo"],"picked":"SKIP","floor":48}],"player_experience":484435,"relics_obtained":[{"floor":7,"key":"InkBottle"},{"floor":9,"key":"Akabeko"},{"floor":11,"key":"Happy Flower"},{"floor":26,"key":"Art of War"},{"floor":39,"key":"FossilizedHelix"},{"floor":40,"key":"Old Coin"},{"floor":43,"key":"Smiling Mask"},{"floor":44,"key":"Molten Egg 2"}],"event_choices":[{"damage_healed":0,"gold_gain":0,"player_choice":"Entered Light","damage_taken":20,"max_hp_gain":0,"max_hp_loss":0,"event_name":"Shining Light","floor":2,"gold_loss":0,"cards_upgraded":["Strike_P","Eruption"]},{"damage_healed":22,"gold_gain":0,"player_choice":"Banana","damage_taken":0,"max_hp_gain":0,"max_hp_loss":0,"event_name":"Big Fish","floor":4,"gold_loss":0},{"damage_healed":0,"gold_gain":0,"player_choice":"Searched \u00271\u0027 times","damage_taken":0,"relics_obtained":["Blood Vial"],"max_hp_gain":0,"max_hp_loss":0,"event_name":"Dead Adventurer","floor":14,"gold_loss":0},{"damage_healed":0,"gold_gain":0,"player_choice":"Shed Blood","damage_taken":24,"max_hp_gain":5,"max_hp_loss":0,"event_name":"Forgotten Altar","floor":19,"gold_loss":0},{"damage_healed":0,"gold_gain":0,"player_choice":"Became a vampire","damage_taken":0,"max_hp_gain":0,"max_hp_loss":22,"event_name":"Vampires","floor":24,"gold_loss":0,"cards_obtained":["Bite","Bite","Bite","Bite","Bite"]},{"damage_healed":0,"gold_gain":0,"player_choice":"Upgraded","damage_taken":0,"max_hp_gain":0,"max_hp_loss":0,"event_name":"Upgrade Shrine","floor":27,"gold_loss":0,"cards_upgraded":["Vigilance"]},{"damage_healed":11,"gold_gain":0,"player_choice":"Writhe","damage_taken":0,"max_hp_gain":0,"max_hp_loss":0,"event_name":"Winding Halls","floor":38,"gold_loss":0,"cards_obtained":["Writhe"]},{"damage_healed":0,"gold_gain":0,"player_choice":"Fight","damage_taken":0,"max_hp_gain":0,"max_hp_loss":0,"event_name":"MindBloom","floor":39,"gold_loss":0}],"is_beta":false,"boss_relics":[{"not_picked":["Astrolabe","Calling Bell"],"picked":"Empty Cage"},{"not_picked":["Philosopher\u0027s Stone","Fusion Hammer"],"picked":"Tiny House"}],"items_purged_floors":[22,37,47],"is_endless":false,"potions_floor_spawned":[7,10,18,21,29,30,33,39,46],"ascension_level":16}