{"gold_per_floor":[118,118,118,129,141,141,175,195,222,241,241,241,260,282,282,387,387,312,334,12,12],"floor_reached":21,"playtime":1210,"items_purged":[],"score":290,"play_id":"5e43036d-93f8-4581-a2b9-cc16fac04d11","local_time":"20230828194007","is_ascension_mode":true,"campfire_choices":[{"data":"Eruption","floor":6,"key":"SMITH"},{"data":"Vault","floor":11,"key":"SMITH"},{"data":"Pray","floor":15,"key":"SMITH"}],"neow_cost":"NONE","seed_source_timestamp":1706870296471300,"circlet_count":0,"master_deck":["AscendersBane","Strike_P","Strike_P","Strike_P","Defend_P","Defend_P","Eruption+1","Vigilance","Vault+1","Evaluate","Protect","EmptyBody","Pray+1","ClearTheMind","Ragnarok","DeceiveReality","Tantrum"],"relics":["PureWater","Toy Ornithopter","CeramicFish","Empty Cage","Eternal Feather"],"potions_floor_usage":[13,18,21],"damage_taken":[{"damage":2,"enemies":"Jaw Worm","floor":1,"turns":4},{"damage":1,"enemies":"Cultist","floor":4,"turns":3},{"damage":0,"enemies":"Small Slimes","floor":5,"turns":3},{"damage":17,"enemies":"Gremlin Nob","floor":7,"turns":5},{"damage":0,"enemies":"Looter","floor":8,"turns":4},{"damage":1,"enemies":"Red Slaver","floor":10,"turns":7},{"damage":7,"enemies":"Lots of Slimes","floor":13,"turns":6},{"damage":1,"enemies":"3 Louse","floor":14,"turns":6},{"damage":8,"enemies":"The Guardian","floor":16,"turns":17},{"damage":7,"enemies":"2 Thieves","floor":18,"turns":6},{"damage":7,"enemies":"Shell Parasite","floor":19,"turns":6},{"damage":87,"enemies":"Cultist and Chosen","floor":21,"turns":7}],"seed_played":"-3238789518646052585","potions_obtained":[{"floor":8,"key":"AttackPotion"},{"floor":10,"key":"Block Potion"},{"floor":14,"key":"SteroidPotion"},{"floor":16,"key":"Block Potion"}],"is_trial":false,"path_per_floor":["M","?","?","M","M","R","E","M","T","M","R","?","M","M","R","B",null,"M","M","$","M"],"character_chosen":"WATCHER","items_purchased":["Eternal Feather","Tantrum"],"campfire_rested":0,"item_purchase_floors":[20,20],"current_hp_per_floor":[63,63,63,62,62,62,45,45,45,44,44,49,47,46,46,38,67,65,58,58,0],"gold":12,"neow_bonus":"ONE_RANDOM_RARE_CARD","is_prod":false,"is_daily":false,"chose_seed":false,"campfire_upgraded":3,"win_rate":0,"timestamp":1693276807,"path_taken":["M","?","?","M","M","R","E","M","T","?","R","?","M","M","R","BOSS","M","M","$","M"],"build_version":"2022-12-18","purchased_purges":0,"victory":false,"max_hp_per_floor":[72,72,72,72,72,72,72,72,72,72,72,77,77,77,77,77,77,77,77,77,77],"card_choices":[{"not_picked":["ThirdEye","PathToVictory"],"picked":"Evaluate","floor":1},{"not_picked":["CutThroughFate","SashWhip"],"picked":"Protect","floor":4},{"not_picked":["FollowUp","FlyingSleeves"],"picked":"EmptyBody","floor":5},{"not_picked":["Vault","Evaluate"],"picked":"Pray","floor":7},{"not_picked":["EmptyBody","JustLucky","Sanctity"],"picked":"SKIP","floor":8},{"not_picked":["TalkToTheHand","PathToVictory","EmptyBody"],"picked":"SKIP","floor":10},{"not_picked":["Evaluate","Adaptation","BowlingBash"],"picked":"SKIP","floor":13},{"not_picked":["Consecrate","PathToVictory"],"picked":"ClearTheMind","floor":14},{"not_picked":["LessonLearned","DevaForm"],"picked":"Ragnarok","floor":16},{"not_picked":["CutThroughFate","ClearTheMind","EmptyBody"],"picked":"SKIP","floor":18},{"not_picked":["Adaptation+1","EmptyBody"],"picked":"DeceiveReality","floor":19}],"player_experience":408238,"relics_obtained":[{"floor":7,"key":"Toy Ornithopter"},{"floor":9,"key":"CeramicFish"}],"event_choices":[{"damage_healed":0,"gold_gain":0,"player_choice":"Ignored","damage_taken":0,"max_hp_gain":0,"max_hp_loss":0,"event_name":"Liars Game","floor":2,"gold_loss":0},{"cards_removed":["Defend_P"],"damage_healed":0,"gold_gain":0,"player_choice":"Offered Basic","damage_taken":0,"max_hp_gain":0,"max_hp_loss":0,"event_name":"Bonfire Elementals","floor":3,"gold_loss":0},{"damage_healed":0,"gold_gain":0,"player_choice":"Donut","damage_taken":0,"max_hp_gain":5,"max_hp_loss":0,"event_name":"Big Fish","floor":12,"gold_loss":0}],"is_beta":false,"boss_relics":[{"not_picked":["Fusion Hammer","VioletLotus"],"picked":"Empty Cage"}],"items_purged_floors":[],"is_endless":false,"potions_floor_spawned":[8,10,14,16],"killed_by":"Cultist and Chosen","ascension_level":12}