{"gold_per_floor":[111,130,40,50,50,50,50,70,97,117,133,153,153,153,153,224,224,241,241,21,21,40,73,73,106,106,119,119,119,145,165,165,242,242,252,264,289,289,303,303,318,67,92,109,109,135,135,0,0,0],"floor_reached":51,"playtime":3516,"items_purged":["Strike_P","Strike_P"],"score":1225,"play_id":"8c541989-6466-421d-8e03-e6f20eed6854","local_time":"20230831193202","is_ascension_mode":true,"campfire_choices":[{"data":"Eruption","floor":6.0,"key":"SMITH"},{"floor":15.0,"key":"REST"},{"data":"SignatureMove","floor":24.0,"key":"SMITH"},{"data":"MentalFortress","floor":29.0,"key":"SMITH"},{"floor":32.0,"key":"REST"},{"data":"Ragnarok","floor":40.0,"key":"SMITH"},{"data":"SpiritShield","floor":45.0,"key":"SMITH"},{"data":"Worship","floor":47.0,"key":"SMITH"},{"floor":49.0,"key":"REST"}],"neow_cost":"NONE","seed_source_timestamp":1962997206830400,"circlet_count":0,"master_deck":["AscendersBane","Strike_P+1","Strike_P","Defend_P","Defend_P+1","Defend_P+1","Eruption+1","Vigilance","Wireheading","MentalFortress+1","SignatureMove+1","Protect","Prostrate+1","Prostrate","Vault","EmptyBody","EmptyMind","Meditate","Ragnarok+1","Protect+1","Prostrate","WindmillStrike+1","Worship+1","SpiritShield+1"],"special_seed":0,"relics":["HolyWater","Bag of Preparation","Nunchaku","Orichalcum","Philosopher\u0027s Stone","Lee\u0027s Waffle","CaptainsWheel","War Paint","The Courier","Regal Pillow","Mango","Smiling Mask","Vajra","Red Mask"],"potions_floor_usage":[50,50],"damage_taken":[{"damage":0.0,"enemies":"2 Louse","floor":1.0,"turns":1.0},{"damage":0.0,"enemies":"Small Slimes","floor":2.0,"turns":2.0},{"damage":0.0,"enemies":"Cultist","floor":4.0,"turns":2.0},{"damage":7.0,"enemies":"Exordium Thugs","floor":8.0,"turns":4.0},{"damage":8.0,"enemies":"2 Fungi Beasts","floor":10.0,"turns":3.0},{"damage":0.0,"enemies":"Looter","floor":11.0,"turns":1.0},{"damage":0.0,"enemies":"Large Slime","floor":12.0,"turns":5.0},{"damage":29.0,"enemies":"Hexaghost","floor":16.0,"turns":10.0},{"damage":37.0,"enemies":"3 Byrds","floor":18.0,"turns":7.0},{"damage":0.0,"enemies":"Spheric Guardian","floor":22.0,"turns":1.0},{"damage":42.0,"enemies":"Book of Stabbing","floor":23.0,"turns":8.0},{"damage":15.0,"enemies":"Slavers","floor":25.0,"turns":9.0},{"damage":0.0,"enemies":"3 Cultists","floor":27.0,"turns":5.0},{"damage":0.0,"enemies":"Gremlin Leader","floor":30.0,"turns":9.0},{"damage":36.0,"enemies":"Snake Plant","floor":31.0,"turns":6.0},{"damage":64.0,"enemies":"Collector","floor":33.0,"turns":12.0},{"damage":8.0,"enemies":"3 Shapes","floor":35.0,"turns":6.0},{"damage":31.0,"enemies":"3 Darklings","floor":36.0,"turns":6.0},{"damage":0.0,"enemies":"Mind Bloom Boss Battle","floor":37.0,"turns":7.0},{"damage":0.0,"enemies":"Spire Growth","floor":39.0,"turns":4.0},{"damage":13.0,"enemies":"Maw","floor":41.0,"turns":7.0},{"damage":0.0,"enemies":"Jaw Worm Horde","floor":44.0,"turns":5.0},{"damage":8.0,"enemies":"Nemesis","floor":46.0,"turns":8.0},{"damage":42,"enemies":"Awakened One","floor":50,"turns":14}],"seed_played":"6265191615731329381","potions_obtained":[{"floor":4.0,"key":"Strength Potion"},{"floor":10.0,"key":"LiquidBronze"},{"floor":16.0,"key":"BlessingOfTheForge"},{"floor":18.0,"key":"SteroidPotion"},{"floor":25.0,"key":"Block Potion"},{"floor":27.0,"key":"SpeedPotion"},{"floor":30.0,"key":"Strength Potion"},{"floor":39.0,"key":"AttackPotion"},{"floor":41.0,"key":"Explosive Potion"},{"floor":46.0,"key":"EssenceOfSteel"}],"is_trial":false,"path_per_floor":["M","M","$","M","?","R","?","M","T","M","M","M","?","?","R","B",null,"M","?","$","?","M","E","R","E","T","M","?","R","E","M","R","B",null,"M","M","?","?","M","R","M","$","T","M","R","E","R","?","R","B",null],"character_chosen":"WATCHER","items_purchased":["SignatureMove","Protect","Lee\u0027s Waffle","Worship","SpiritShield"],"campfire_rested":3,"item_purchase_floors":[3,3,20,42,42],"current_hp_per_floor":[65,65,65,65,58,58,46,39,39,31,31,31,31,17,38,9,56,19,6,84,84,84,42,42,27,27,27,84,84,84,48,84,20,68,60,29,43,86,86,86,73,73,73,73,73,65,65,65,86,44],"gold":0,"neow_bonus":"RANDOM_COMMON_RELIC","is_prod":false,"is_daily":false,"chose_seed":false,"campfire_upgraded":6,"win_rate":0,"timestamp":1693535522,"path_taken":["M","M","$","M","?","R","?","M","T","M","M","M","?","?","R","BOSS","M","?","$","?","M","E","R","E","T","M","?","R","E","?","R","BOSS","M","M","?","?","M","R","M","$","T","M","R","E","R","?","R","BOSS"],"build_version":"2022-12-18","purchased_purges":2,"victory":true,"max_hp_per_floor":[72,72,72,72,72,72,72,72,72,72,72,72,72,72,72,72,72,72,77,84,84,84,84,84,84,84,84,84,84,84,84,84,84,84,84,84,98,86,86,86,86,86,86,86,86,86,86,86,86,86],"card_choices":[{"not_picked":["Crescendo","Study"],"picked":"Wireheading","floor":1.0},{"not_picked":["Vengeance","FlyingSleeves"],"picked":"MentalFortress","floor":2.0},{"not_picked":["PathToVictory","ForeignInfluence","JustLucky"],"picked":"SKIP","floor":4.0},{"not_picked":["CutThroughFate","CarveReality","Omniscience"],"picked":"SKIP","floor":8.0},{"not_picked":["PathToVictory","Consecrate"],"picked":"Prostrate","floor":10.0},{"not_picked":["Swivel","ForeignInfluence","FlurryOfBlows"],"picked":"SKIP","floor":11.0},{"not_picked":["Halt","Protect"],"picked":"Prostrate","floor":12.0},{"not_picked":["Ragnarok","Alpha"],"picked":"Vault","floor":16.0},{"not_picked":["BowlingBash","PathToVictory"],"picked":"EmptyBody","floor":18.0},{"not_picked":["CutThroughFate","EmptyFist"],"picked":"Nirvana","floor":22.0},{"not_picked":["Wallop","MasterReality","ClearTheMind"],"picked":"SKIP","floor":23.0},{"not_picked":["PathToVictory","Perseverance"],"picked":"EmptyMind","floor":25.0},{"not_picked":["Consecrate","WreathOfFlame","Evaluate"],"picked":"SKIP","floor":27.0},{"not_picked":["Establishment","ClearTheMind"],"picked":"Meditate","floor":30.0},{"not_picked":["Swivel","Halt","Consecrate"],"picked":"SKIP","floor":31.0},{"not_picked":["Judgement","LessonLearned"],"picked":"Ragnarok","floor":33.0},{"not_picked":["Prostrate","CrushJoints+1"],"picked":"Protect+1","floor":35.0},{"not_picked":["EmptyFist+1","JustLucky","Tantrum"],"picked":"SKIP","floor":36.0},{"not_picked":["BowlingBash+1","EmptyMind"],"picked":"Prostrate","floor":37.0},{"not_picked":["EmptyFist","Prostrate"],"picked":"WindmillStrike+1","floor":39.0},{"not_picked":["JustLucky","PathToVictory","Weave"],"picked":"SKIP","floor":41.0},{"not_picked":["Tantrum","WreathOfFlame+1","Wallop"],"picked":"SKIP","floor":44.0},{"not_picked":["Protect","ThirdEye","Crescendo"],"picked":"SKIP","floor":46.0}],"player_experience":431779,"relics_obtained":[{"floor":9.0,"key":"Orichalcum"},{"floor":23.0,"key":"CaptainsWheel"},{"floor":25.0,"key":"War Paint"},{"floor":26.0,"key":"The Courier"},{"floor":30.0,"key":"Regal Pillow"},{"floor":37.0,"key":"Mango"},{"floor":43.0,"key":"Smiling Mask"},{"floor":46.0,"key":"Vajra"}],"event_choices":[{"cards_removed":["Defend_P"],"damage_healed":0.0,"max_hp_gain":0.0,"max_hp_loss":0.0,"gold_gain":0.0,"event_name":"Golden Wing","player_choice":"Card Removal","floor":5.0,"gold_loss":0.0,"damage_taken":7.0},{"damage_healed":0.0,"max_hp_gain":0.0,"max_hp_loss":0.0,"gold_gain":0.0,"event_name":"Scrap Ooze","player_choice":"Success","floor":7.0,"gold_loss":0.0,"damage_taken":12.0,"relics_obtained":["Nunchaku"]},{"damage_healed":0.0,"max_hp_gain":0.0,"max_hp_loss":0.0,"gold_gain":0.0,"event_name":"Liars Game","player_choice":"Ignored","floor":13.0,"gold_loss":0.0,"damage_taken":0.0},{"damage_healed":0.0,"max_hp_gain":0.0,"max_hp_loss":0.0,"gold_gain":0.0,"event_name":"Shining Light","player_choice":"Entered Light","floor":14.0,"gold_loss":0.0,"damage_taken":14.0,"cards_upgraded":["Defend_P","Strike_P"]},{"damage_healed":0.0,"max_hp_gain":5.0,"max_hp_loss":0.0,"gold_gain":0.0,"event_name":"Forgotten Altar","player_choice":"Shed Blood","floor":19.0,"gold_loss":0.0,"damage_taken":18.0},{"cards_removed":["Nirvana"],"damage_healed":57.0,"max_hp_gain":0.0,"max_hp_loss":0.0,"gold_gain":0.0,"event_name":"Bonfire Elementals","player_choice":"Offered Uncommon","floor":28.0,"gold_loss":0.0,"damage_taken":0.0},{"damage_healed":0.0,"max_hp_gain":0.0,"max_hp_loss":0.0,"gold_gain":0.0,"event_name":"MindBloom","player_choice":"Fight","floor":37.0,"gold_loss":0.0,"damage_taken":0.0},{"damage_healed":86.0,"max_hp_gain":0.0,"max_hp_loss":12.0,"gold_gain":0.0,"event_name":"The Moai Head","player_choice":"Heal","floor":38.0,"gold_loss":0.0,"damage_taken":0.0},{"damage_healed":0.0,"max_hp_gain":0.0,"max_hp_loss":0.0,"gold_gain":0.0,"event_name":"Tomb of Lord Red Mask","player_choice":"Paid","floor":48.0,"gold_loss":135.0,"damage_taken":0.0,"relics_obtained":["Red Mask"]}],"is_beta":false,"boss_relics":[{"not_picked":["Fusion Hammer","Cursed Key"],"picked":"Philosopher\u0027s Stone"},{"not_picked":["Runic Pyramid","Snecko Eye"],"picked":"HolyWater"}],"items_purged_floors":[20,42],"is_endless":false,"potions_floor_spawned":[4,10,11,16,18,25,27,30,39,41,46],"ascension_level":13}