{"gold_per_floor":[114,39,59,75,85,85,85,85,85,85,85,104,104,134,134,237,237,249,249,263,278,203,203,203,203,203,219,38,38],"floor_reached":29,"playtime":1019,"items_purged":["Defend_P","Strike_P"],"score":357,"play_id":"ac3ae243-7d98-4af4-b29f-438a882fc22f","local_time":"20230828185253","is_ascension_mode":true,"campfire_choices":[{"data":"Eruption","floor":6,"key":"SMITH"},{"data":"Collect","floor":8,"key":"SMITH"},{"data":"Vigilance","floor":11,"key":"SMITH"},{"data":"Protect","floor":15,"key":"SMITH"},{"floor":23,"key":"REST"},{"floor":25,"key":"REST"}],"neow_cost":"NONE","seed_source_timestamp":1704227128220700,"circlet_count":0,"master_deck":["AscendersBane","Strike_P","Strike_P+1","Defend_P","Defend_P","Defend_P","Eruption+1","Vigilance+1","Worship","SignatureMove+1","ClearTheMind","Collect+1","EmptyBody","Protect+1","Blasphemy","CarveReality","Protect+1","WaveOfTheHand","Dark Shackles"],"relics":["PureWater","NeowsBlessing","Ornamental Fan","Darkstone Periapt","GoldenEye","Velvet Choker","TeardropLocket"],"potions_floor_usage":[14,16],"damage_taken":[{"damage":0,"enemies":"Cultist","floor":1,"turns":1},{"damage":0,"enemies":"Jaw Worm","floor":3,"turns":1},{"damage":0,"enemies":"2 Louse","floor":4,"turns":1},{"damage":8,"enemies":"Large Slime","floor":5,"turns":3},{"damage":4,"enemies":"Red Slaver","floor":12,"turns":2},{"damage":16,"enemies":"Gremlin Nob","floor":14,"turns":3},{"damage":24,"enemies":"The Guardian","floor":16,"turns":12},{"damage":2,"enemies":"Chosen","floor":18,"turns":6},{"damage":4,"enemies":"Shell Parasite","floor":20,"turns":6},{"damage":45,"enemies":"Shelled Parasite and Fungi","floor":21,"turns":7},{"damage":9,"enemies":"Centurion and Healer","floor":27,"turns":7},{"damage":36,"enemies":"Book of Stabbing","floor":29,"turns":7}],"seed_played":"8464544845730370107","potions_obtained":[{"floor":1,"key":"LiquidMemories"},{"floor":5,"key":"Regen Potion"},{"floor":18,"key":"ColorlessPotion"},{"floor":20,"key":"Strength Potion"}],"is_trial":false,"path_per_floor":["M","$","M","M","M","R","?","R","T","?","R","M","?","E","R","B",null,"M","?","M","M","?","R","?","R","T","M","$","E"],"character_chosen":"WATCHER","items_purchased":["Dark Shackles"],"campfire_rested":2,"item_purchase_floors":[28],"current_hp_per_floor":[65,65,65,65,57,57,62,62,62,47,47,43,43,27,27,18,62,60,60,56,11,11,34,20,44,44,35,35,0],"gold":38,"neow_bonus":"THREE_ENEMY_KILL","is_prod":false,"is_daily":false,"chose_seed":false,"campfire_upgraded":4,"win_rate":0,"timestamp":1693273973,"path_taken":["M","$","M","M","?","R","?","R","T","?","R","M","?","E","R","BOSS","M","?","M","?","?","R","?","R","T","M","?","E"],"build_version":"2022-12-18","purchased_purges":2,"victory":false,"max_hp_per_floor":[72,72,72,72,72,72,77,77,77,77,77,77,77,77,77,77,77,77,77,77,77,77,77,82,82,82,82,82,82],"card_choices":[{"not_picked":["Collect","EmptyBody"],"picked":"Worship","floor":1},{"not_picked":["Wireheading","ThirdEye"],"picked":"SignatureMove","floor":3},{"not_picked":["CrushJoints","CutThroughFate"],"picked":"ClearTheMind","floor":4},{"not_picked":["SashWhip","Wallop"],"picked":"Collect","floor":5},{"not_picked":["Tantrum","EmptyFist"],"picked":"EmptyBody","floor":12},{"not_picked":["ClearTheMind","FlyingSleeves"],"picked":"Protect","floor":14},{"not_picked":["Judgement","Scrawl"],"picked":"Blasphemy","floor":16},{"not_picked":["BowlingBash","CrushJoints"],"picked":"CarveReality","floor":18},{"not_picked":["Evaluate","InnerPeace"],"picked":"WaveOfTheHand","floor":20},{"not_picked":["CutThroughFate","JustLucky","Meditate"],"picked":"SKIP","floor":21},{"not_picked":["EmptyFist","EmptyBody","ThirdEye"],"picked":"SKIP","floor":27}],"player_experience":407219,"relics_obtained":[{"floor":9,"key":"Ornamental Fan"},{"floor":14,"key":"GoldenEye"},{"floor":26,"key":"TeardropLocket"}],"event_choices":[{"damage_healed":0,"gold_gain":0,"player_choice":"Donut","damage_taken":0,"max_hp_gain":5,"max_hp_loss":0,"event_name":"Big Fish","floor":7,"gold_loss":0},{"damage_healed":0,"gold_gain":0,"player_choice":"Entered Light","damage_taken":15,"max_hp_gain":0,"max_hp_loss":0,"event_name":"Shining Light","floor":10,"gold_loss":0,"cards_upgraded":["SignatureMove","Strike_P"]},{"damage_healed":0,"gold_gain":0,"player_choice":"Searched \u00271\u0027 times","damage_taken":0,"relics_obtained":["Darkstone Periapt"],"max_hp_gain":0,"max_hp_loss":0,"event_name":"Dead Adventurer","floor":13,"gold_loss":0},{"damage_healed":0,"gold_gain":0,"player_choice":"Copied","damage_taken":0,"max_hp_gain":0,"max_hp_loss":0,"event_name":"Duplicator","floor":19,"gold_loss":0,"cards_obtained":["Protect"]},{"cards_removed":["Strike_P"],"damage_healed":0,"gold_gain":0,"player_choice":"Gave Gold","damage_taken":0,"max_hp_gain":0,"max_hp_loss":0,"event_name":"Beggar","floor":22,"gold_loss":75},{"damage_healed":0,"gold_gain":0,"player_choice":"Shed Blood","damage_taken":19,"max_hp_gain":5,"max_hp_loss":0,"event_name":"Forgotten Altar","floor":24,"gold_loss":0}],"is_beta":false,"boss_relics":[{"not_picked":["SlaversCollar","Sozu"],"picked":"Velvet Choker"}],"items_purged_floors":[2,28],"is_endless":false,"potions_floor_spawned":[1,5,18,20],"killed_by":"Book of Stabbing","ascension_level":12}