{"gold_per_floor":[114,127,202,7,20,20,11,28,55,55,74,17,32,44,44,118,118,133,58,58,58,58,58,49,69,69,69,82,82,93,111,111,187,187,197,197,197,208,208,208,233,266,289,305,318,49,69,82,82,82],"floor_reached":51,"playtime":2841,"items_purged":["Defend_P","Strike_P"],"score":1283,"play_id":"ee0b91fa-3040-4004-8940-667ec770ebf2","local_time":"20230902111432","is_ascension_mode":true,"campfire_choices":[{"data":"Eruption","floor":6,"key":"SMITH"},{"floor":15,"key":"REST"},{"data":"MentalFortress","floor":23,"key":"SMITH"},{"data":"Prostrate","floor":29,"key":"SMITH"},{"data":"Perseverance","floor":32,"key":"SMITH"},{"floor":40,"key":"REST"},{"floor":49,"key":"REST"}],"neow_cost":"NONE","seed_source_timestamp":2106908964695199,"circlet_count":0,"master_deck":["AscendersBane","Strike_P+1","Strike_P+1","Defend_P+1","Defend_P+1","Defend_P+1","Eruption+1","Vigilance+1","EmptyBody+1","Protect+1","MentalFortress+1","Halt+1","Crescendo+1","SashWhip","CarveReality","LessonLearned+1","Prostrate+1","ClearTheMind+1","Perseverance+1","Brilliance","Indignation+1","BattleHymn+1","Pray","EmptyBody"],"relics":["PureWater","PreservedInsect","Anchor","Busted Crown","Pen Nib","Pocketwatch","Fusion Hammer","Torii","Akabeko","Toy Ornithopter","Membership Card"],"potions_floor_usage":[16,16,25,33,33,42,50,50],"damage_taken":[{"damage":0,"enemies":"Jaw Worm","floor":1,"turns":3},{"damage":1,"enemies":"Cultist","floor":2,"turns":4},{"damage":1,"enemies":"2 Louse","floor":5,"turns":4},{"damage":2,"enemies":"Exordium Thugs","floor":7,"turns":5},{"damage":1,"enemies":"Large Slime","floor":8,"turns":5},{"damage":15,"enemies":"3 Louse","floor":11,"turns":4},{"damage":3,"enemies":"Lots of Slimes","floor":13,"turns":5},{"damage":1,"enemies":"Looter","floor":14,"turns":3},{"damage":0,"enemies":"Slime Boss","floor":16,"turns":4},{"damage":16,"enemies":"Shell Parasite","floor":18,"turns":11},{"damage":23,"enemies":"2 Thieves","floor":24,"turns":4},{"damage":1,"enemies":"Centurion and Healer","floor":25,"turns":7},{"damage":0,"enemies":"Cultist and Chosen","floor":28,"turns":6},{"damage":4,"enemies":"3 Cultists","floor":30,"turns":6},{"damage":0,"enemies":"Snake Plant","floor":31,"turns":6},{"damage":0,"enemies":"Automaton","floor":33,"turns":10},{"damage":6,"enemies":"Orb Walker","floor":35,"turns":6},{"damage":0,"enemies":"3 Darklings","floor":38,"turns":9},{"damage":0,"enemies":"Mind Bloom Boss Battle","floor":41,"turns":10},{"damage":9,"enemies":"Nemesis","floor":42,"turns":7},{"damage":0,"enemies":"4 Shapes","floor":44,"turns":7},{"damage":1,"enemies":"Maw","floor":45,"turns":8},{"damage":17,"enemies":"Jaw Worm Horde","floor":47,"turns":7},{"damage":0,"enemies":"Transient","floor":48,"turns":5},{"damage":57,"enemies":"Awakened One","floor":50,"turns":14}],"seed_played":"-8295881172053277882","potions_obtained":[{"floor":0,"key":"PowerPotion"},{"floor":0,"key":"PowerPotion"},{"floor":18,"key":"GamblersBrew"},{"floor":25,"key":"CultistPotion"},{"floor":30,"key":"Block Potion"},{"floor":38,"key":"Swift Potion"},{"floor":42,"key":"PowerPotion"},{"floor":47,"key":"Ambrosia"}],"is_trial":false,"path_per_floor":["M","M","?","$","M","R","M","M","T","$","M","?","M","M","R","B",null,"M","?","?","$","?","R","M","M","T","?","M","R","M","M","R","B",null,"M","?","?","M","?","R","?","E","T","M","M","$","M","M","R","B",null],"character_chosen":"WATCHER","items_purchased":["Protect","MentalFortress","Membership Card","Pray","Strength Potion","EmptyBody"],"campfire_rested":3,"item_purchase_floors":[4,4,46,46,46,46],"current_hp_per_floor":[61,60,54,54,53,53,51,50,50,50,35,35,32,31,51,51,64,48,48,48,48,68,68,45,44,44,44,44,44,40,40,40,40,61,55,55,55,55,55,65,65,56,56,56,55,55,38,38,57,8],"gold":82,"neow_bonus":"THREE_SMALL_POTIONS","is_prod":false,"is_daily":false,"chose_seed":false,"campfire_upgraded":4,"win_rate":0,"timestamp":1693678472,"path_taken":["M","M","?","$","?","R","M","M","T","?","M","?","M","?","R","BOSS","M","?","?","$","?","R","M","?","T","?","M","R","?","M","R","BOSS","M","?","?","M","?","R","?","E","T","M","M","$","M","M","R","BOSS"],"build_version":"2022-12-18","purchased_purges":2,"victory":true,"max_hp_per_floor":[68,68,68,68,68,68,68,68,68,68,68,68,68,68,68,68,68,68,68,68,68,68,68,68,68,68,68,68,68,68,68,68,68,68,68,68,65,65,65,65,65,65,65,65,65,65,65,65,65,65],"card_choices":[{"not_picked":["FollowUp","Fasting2"],"picked":"EmptyBody","floor":1},{"not_picked":["Swivel","SashWhip"],"picked":"JustLucky","floor":2},{"not_picked":["BowlingBash","Fasting2"],"picked":"Halt","floor":5},{"not_picked":["Study","Wish"],"picked":"Crescendo","floor":7},{"not_picked":["PathToVictory","Crescendo"],"picked":"SashWhip","floor":8},{"not_picked":["EmptyMind","InnerPeace","Collect"],"picked":"SKIP","floor":11},{"not_picked":["FearNoEvil","CutThroughFate"],"picked":"CarveReality","floor":13},{"not_picked":["EmptyBody","EmptyMind"],"picked":"ForeignInfluence","floor":14},{"not_picked":["Omniscience","ConjureBlade"],"picked":"LessonLearned","floor":16},{"not_picked":[],"picked":"Prostrate","floor":18},{"not_picked":[],"picked":"ClearTheMind+1","floor":24},{"not_picked":["PathToVictory"],"picked":"SKIP","floor":25},{"not_picked":["TalkToTheHand"],"picked":"SKIP","floor":28},{"not_picked":[],"picked":"Perseverance","floor":30},{"not_picked":["SashWhip"],"picked":"SKIP","floor":31},{"not_picked":[],"picked":"Brilliance","floor":33},{"not_picked":["WreathOfFlame"],"picked":"SKIP","floor":35},{"not_picked":["SashWhip"],"picked":"SKIP","floor":38},{"not_picked":[],"picked":"Indignation+1","floor":41},{"not_picked":["Halt"],"picked":"SKIP","floor":42},{"not_picked":[],"picked":"BattleHymn","floor":44},{"not_picked":["Indignation"],"picked":"SKIP","floor":45},{"not_picked":["SashWhip+1"],"picked":"SKIP","floor":47},{"not_picked":["Sanctity"],"picked":"SKIP","floor":48}],"player_experience":442622,"relics_obtained":[{"floor":9,"key":"PreservedInsect"},{"floor":26,"key":"Pocketwatch"},{"floor":41,"key":"Torii"},{"floor":42,"key":"Akabeko"},{"floor":43,"key":"Toy Ornithopter"}],"event_choices":[{"damage_healed":0,"gold_gain":75,"player_choice":"Touch","damage_taken":6,"max_hp_gain":0,"max_hp_loss":0,"event_name":"FaceTrader","floor":3,"gold_loss":0},{"damage_healed":0,"gold_gain":0,"player_choice":"Paid Gold","damage_taken":0,"relics_obtained":["Anchor"],"max_hp_gain":0,"max_hp_loss":0,"event_name":"WeMeetAgain","floor":12,"gold_loss":57},{"cards_removed":["Strike_P"],"damage_healed":0,"gold_gain":0,"player_choice":"Gave Gold","damage_taken":0,"max_hp_gain":0,"max_hp_loss":0,"event_name":"Beggar","floor":19,"gold_loss":75},{"damage_healed":0,"gold_gain":0,"player_choice":"Opened","damage_taken":0,"relics_obtained":["Pen Nib"],"max_hp_gain":0,"max_hp_loss":0,"event_name":"The Mausoleum","floor":20,"gold_loss":0},{"cards_removed":["ForeignInfluence"],"damage_healed":20,"gold_gain":0,"player_choice":"Offered Uncommon","damage_taken":0,"max_hp_gain":0,"max_hp_loss":0,"event_name":"Bonfire Elementals","floor":22,"gold_loss":0},{"damage_healed":0,"gold_gain":0,"player_choice":"Upgraded","damage_taken":0,"max_hp_gain":0,"max_hp_loss":0,"event_name":"Upgrade Shrine","floor":27,"gold_loss":0,"cards_upgraded":["Protect"]},{"cards_removed":["JustLucky"],"damage_healed":0,"gold_gain":0,"player_choice":"Removed Attack","damage_taken":0,"max_hp_gain":0,"max_hp_loss":0,"event_name":"Falling","floor":36,"gold_loss":0},{"damage_healed":0,"gold_gain":0,"player_choice":"Max HP","damage_taken":0,"max_hp_gain":0,"max_hp_loss":3,"event_name":"Winding Halls","floor":37,"gold_loss":0},{"damage_healed":0,"gold_gain":0,"player_choice":"Ignored","damage_taken":0,"max_hp_gain":0,"max_hp_loss":0,"event_name":"Tomb of Lord Red Mask","floor":39,"gold_loss":0},{"damage_healed":0,"gold_gain":0,"player_choice":"Fight","damage_taken":0,"max_hp_gain":0,"max_hp_loss":0,"event_name":"MindBloom","floor":41,"gold_loss":0}],"is_beta":false,"boss_relics":[{"not_picked":["SlaversCollar","Calling Bell"],"picked":"Busted Crown"},{"not_picked":["Snecko Eye","Velvet Choker"],"picked":"Fusion Hammer"}],"items_purged_floors":[4,46],"is_endless":false,"potions_floor_spawned":[5,8,11,13,18,25,30,38,42,47,48],"ascension_level":14}