{"gold_per_floor":[118,293,8,8,63,63,13,13,37,75,118,118,132,193,193,193],"floor_reached":16,"playtime":587,"items_purged":["Doubt"],"score":147,"play_id":"5756e24e-60d4-4dd6-ba67-e194ff8858ec","local_time":"20230828210651","is_ascension_mode":true,"campfire_choices":[{"data":"HandOfGreed","floor":6,"key":"SMITH"},{"data":"Eruption","floor":8,"key":"SMITH"},{"data":"Prostrate","floor":12,"key":"SMITH"},{"data":"EmptyBody","floor":15,"key":"SMITH"}],"neow_cost":"NONE","seed_source_timestamp":1712697857354300,"circlet_count":0,"master_deck":["AscendersBane","Strike_P","Strike_P","Strike_P","Strike_P","Defend_P","Defend_P","Defend_P","Eruption+1","Vigilance","WheelKick","BattleHymn","HandOfGreed+1","ClearTheMind","EmptyBody+1","Prostrate+1","DeusExMachina"],"relics":["PureWater","Strawberry"],"potions_floor_usage":[13,16],"damage_taken":[{"damage":9,"enemies":"Small Slimes","floor":1,"turns":5},{"damage":4,"enemies":"2 Louse","floor":5,"turns":5},{"damage":6,"enemies":"Cultist","floor":10,"turns":5},{"damage":6,"enemies":"Looter","floor":11,"turns":2},{"damage":5,"enemies":"Exordium Thugs","floor":13,"turns":5},{"damage":0,"enemies":"2 Fungi Beasts","floor":14,"turns":4},{"damage":43,"enemies":"The Guardian","floor":16,"turns":13}],"seed_played":"-7738264389083500833","potions_obtained":[{"floor":4,"key":"ColorlessPotion"},{"floor":4,"key":"SteroidPotion"},{"floor":10,"key":"EssenceOfSteel"},{"floor":14,"key":"AttackPotion"}],"is_trial":false,"path_per_floor":["M","?","$","?","M","R","$","R","T","M","M","R","M","M","R","B"],"character_chosen":"WATCHER","items_purchased":["BattleHymn","HandOfGreed","ClearTheMind"],"campfire_rested":0,"item_purchase_floors":[3,3,7],"current_hp_per_floor":[56,56,56,56,52,52,52,52,59,53,47,47,42,42,42,0],"gold":193,"neow_bonus":"REMOVE_CARD","is_prod":false,"is_daily":false,"chose_seed":false,"campfire_upgraded":4,"win_rate":0,"timestamp":1693282011,"path_taken":["M","?","$","?","M","R","$","R","T","M","?","R","M","M","R","BOSS"],"build_version":"2022-12-18","purchased_purges":1,"victory":false,"max_hp_per_floor":[72,72,72,72,72,72,72,72,79,79,79,79,79,79,79,79],"card_choices":[{"not_picked":["CutThroughFate","InnerPeace"],"picked":"WheelKick","floor":1},{"not_picked":["Fasting2","WheelKick","Consecrate"],"picked":"SKIP","floor":5},{"not_picked":["Halt","JustLucky"],"picked":"EmptyBody","floor":10},{"not_picked":["Halt","Vengeance"],"picked":"Prostrate","floor":11},{"not_picked":["SashWhip","Nirvana"],"picked":"DeusExMachina","floor":13},{"not_picked":["Study","FlyingSleeves","EmptyBody"],"picked":"SKIP","floor":14}],"player_experience":413612,"relics_obtained":[{"floor":9,"key":"Strawberry"}],"event_choices":[{"damage_healed":0,"gold_gain":175,"player_choice":"AGREE","damage_taken":0,"max_hp_gain":0,"max_hp_loss":0,"event_name":"Liars Game","floor":2,"gold_loss":0,"cards_obtained":["Doubt"]},{"damage_healed":0,"gold_gain":0,"player_choice":"Got Potions","damage_taken":0,"max_hp_gain":0,"max_hp_loss":0,"event_name":"Lab","floor":4,"gold_loss":0}],"is_beta":false,"boss_relics":[],"items_purged_floors":[3],"is_endless":false,"potions_floor_spawned":[10,14],"killed_by":"The Guardian","ascension_level":12}