{"gold_per_floor":[113,125,125,125,135,135,152,180,205,233,233,233,261,282,282,282],"floor_reached":16,"playtime":617,"items_purged":[],"score":208,"play_id":"21c61ec9-bb97-4035-bb0b-4c07ba60ce08","local_time":"20230914200014","is_ascension_mode":true,"campfire_choices":[{"data":"Eruption","floor":6,"key":"SMITH"},{"floor":12,"key":"REST"},{"data":"Adaptation","floor":15,"key":"SMITH"}],"neow_cost":"NONE","seed_source_timestamp":91203524034500,"circlet_count":0,"master_deck":["AscendersBane","Strike_P","Strike_P+1","Strike_P+1","Strike_P","Defend_P+1","Defend_P","Defend_P","Eruption+1","Vigilance","CarveReality","TalkToTheHand+1","Indignation","EmptyBody","InnerPeace","Adaptation+1","EmptyFist","Adaptation"],"relics":["PureWater","NeowsBlessing","Whetstone","CeramicFish"],"potions_floor_usage":[],"damage_taken":[{"damage":0,"enemies":"Cultist","floor":1,"turns":1},{"damage":0,"enemies":"Small Slimes","floor":2,"turns":1},{"damage":0,"enemies":"2 Louse","floor":5,"turns":1},{"damage":3,"enemies":"Blue Slaver","floor":7,"turns":2},{"damage":9,"enemies":"Lagavulin","floor":8,"turns":6},{"damage":7,"enemies":"3 Louse","floor":10,"turns":6},{"damage":4,"enemies":"Gremlin Gang","floor":13,"turns":3},{"damage":6,"enemies":"Red Slaver","floor":14,"turns":3},{"damage":22,"enemies":"The Guardian","floor":16,"turns":6}],"seed_played":"2675295878003425056","potions_obtained":[{"floor":1,"key":"LiquidBronze"},{"floor":8,"key":"CultistPotion"}],"is_trial":false,"path_per_floor":["M","M","?","?","M","R","M","E","T","M","?","R","M","M","R","B"],"character_chosen":"WATCHER","items_purchased":[],"campfire_rested":1,"item_purchase_floors":[],"current_hp_per_floor":[61,61,41,41,41,41,38,29,29,22,12,32,28,22,22,0],"gold":282,"neow_bonus":"THREE_ENEMY_KILL","is_prod":false,"is_daily":false,"chose_seed":false,"campfire_upgraded":2,"win_rate":0,"timestamp":1694746814,"path_taken":["M","?","?","?","M","R","M","E","T","M","?","R","?","M","R","BOSS"],"build_version":"2022-12-18","purchased_purges":0,"victory":false,"max_hp_per_floor":[68,68,68,68,68,68,68,68,68,68,68,68,68,68,68,68],"card_choices":[{"not_picked":["PathToVictory","WaveOfTheHand"],"picked":"CarveReality","floor":1},{"not_picked":["ThirdEye","ClearTheMind"],"picked":"TalkToTheHand","floor":2},{"not_picked":["WaveOfTheHand","ClearTheMind"],"picked":"Indignation","floor":5},{"not_picked":["CrushJoints","ThirdEye"],"picked":"EmptyBody","floor":7},{"not_picked":["FearNoEvil","WreathOfFlame"],"picked":"InnerPeace","floor":8},{"not_picked":["TalkToTheHand","EmptyFist"],"picked":"Adaptation","floor":10},{"not_picked":["Establishment","FlyingSleeves"],"picked":"EmptyFist","floor":13},{"not_picked":["FlurryOfBlows","Prostrate"],"picked":"Adaptation","floor":14}],"player_experience":596040,"relics_obtained":[{"floor":8,"key":"Whetstone"},{"floor":9,"key":"CeramicFish"}],"event_choices":[{"damage_healed":0,"gold_gain":0,"player_choice":"Entered Light","damage_taken":20,"max_hp_gain":0,"max_hp_loss":0,"event_name":"Shining Light","floor":3,"gold_loss":0,"cards_upgraded":["Strike_P","Defend_P"]},{"cards_removed":["Defend_P"],"damage_healed":0,"gold_gain":0,"player_choice":"Forget","damage_taken":0,"max_hp_gain":0,"max_hp_loss":0,"event_name":"Living Wall","floor":4,"gold_loss":0},{"damage_healed":0,"gold_gain":0,"player_choice":"Damaged","damage_taken":10,"max_hp_gain":0,"max_hp_loss":0,"event_name":"Wheel of Change","floor":11,"gold_loss":0}],"is_beta":false,"boss_relics":[],"items_purged_floors":[],"is_endless":false,"potions_floor_spawned":[1,8,10],"killed_by":"The Guardian","ascension_level":20}