{"gold_per_floor":[109,129,129,148,73,73,116,41,41,41,41,41,54,70,70,159,159,184,197,197,197,222,262,262,282,306,342,342,380,380,133,133,226,226,250,300,633,633,40,69,69,87,87,87,115,129,143,157,157,157,157],"floor_reached":52,"playtime":2687,"items_purged":["Defend_P+1","Strike_P+1"],"score":2211,"play_id":"a167f9a2-be7c-4624-99f6-97782d4940b5","local_time":"20230915010653","is_ascension_mode":true,"campfire_choices":[{"data":"Eruption","floor":6.0,"key":"SMITH"},{"data":"Adaptation","floor":10.0,"key":"SMITH"},{"data":"EmptyFist","floor":12.0,"key":"SMITH"},{"data":"Wallop","floor":15.0,"key":"SMITH"},{"data":"Eruption","floor":24,"key":"SMITH"},{"data":"MentalFortress","floor":28,"key":"SMITH"},{"data":"BowlingBash","floor":30,"key":"SMITH"},{"data":"FlurryOfBlows","floor":32,"key":"SMITH"},{"data":"Adaptation","floor":41,"key":"SMITH"},{"data":"SandsOfTime","floor":44,"key":"SMITH"},{"data":"TalkToTheHand","floor":49,"key":"SMITH"}],"neow_cost":"NONE","seed_source_timestamp":107473738786300,"circlet_count":0,"master_deck":["AscendersBane","Defend_P+1","Eruption+1","Vigilance+1","EmptyFist+1","BowlingBash+1","FearNoEvil","Wallop+1","Adaptation+1","FlurryOfBlows+1","Judgement+1","MentalFortress+1","CarveReality","Swivel","Eruption+1","TalkToTheHand+1","WheelKick+1","MentalFortress+1","SpiritShield","Adaptation+1","Eruption+1","SandsOfTime+1","TalkToTheHand+1","InnerPeace"],"special_seed":0,"relics":["PureWater","Ginger","Gambling Chip","Dead Branch","Coffee Dripper","HornCleat","Omamori","War Paint","Bottled Tornado","Medical Kit","Empty Cage","Boot","DollysMirror","Bottled Flame","Mummified Hand","Pantograph","Darkstone Periapt"],"potions_floor_usage":[23,50,51],"damage_taken":[{"damage":7.0,"enemies":"2 Louse","floor":1.0,"turns":2.0},{"damage":2.0,"enemies":"Jaw Worm","floor":2.0,"turns":4.0},{"damage":0.0,"enemies":"Cultist","floor":4.0,"turns":2.0},{"damage":17.0,"enemies":"Lagavulin","floor":7.0,"turns":6.0},{"damage":0.0,"enemies":"Large Slime","floor":13.0,"turns":3.0},{"damage":0.0,"enemies":"Exordium Wildlife","floor":14.0,"turns":3.0},{"damage":20.0,"enemies":"The Guardian","floor":16.0,"turns":7.0},{"damage":0.0,"enemies":"Spheric Guardian","floor":18.0,"turns":2.0},{"damage":0.0,"enemies":"Chosen","floor":19.0,"turns":2.0},{"damage":0.0,"enemies":"Sentry and Sphere","floor":22.0,"turns":2.0},{"damage":0,"enemies":"Slavers","floor":23,"turns":2},{"damage":4,"enemies":"Shelled Parasite and Fungi","floor":25,"turns":2},{"damage":0,"enemies":"Book of Stabbing","floor":27,"turns":3},{"damage":2,"enemies":"Gremlin Leader","floor":29,"turns":4},{"damage":9,"enemies":"Collector","floor":33,"turns":8},{"damage":0,"enemies":"3 Shapes","floor":35,"turns":2},{"damage":0,"enemies":"Giant Head","floor":40,"turns":5},{"damage":0,"enemies":"Orb Walker","floor":42,"turns":2},{"damage":0,"enemies":"Nemesis","floor":45,"turns":5},{"damage":0,"enemies":"Transient","floor":46,"turns":6},{"damage":0,"enemies":"Sphere and 2 Shapes","floor":47,"turns":2},{"damage":0,"enemies":"Writhing Mass","floor":48,"turns":4},{"damage":0,"enemies":"Donu and Deca","floor":50,"turns":6},{"damage":55,"enemies":"Time Eater","floor":51,"turns":9}],"seed_played":"-5256855847187224076","potions_obtained":[{"floor":1.0,"key":"Energy Potion"},{"floor":13.0,"key":"ColorlessPotion"},{"floor":14.0,"key":"BlessingOfTheForge"},{"floor":19.0,"key":"SmokeBomb"},{"floor":33,"key":"DistilledChaos"},{"floor":45,"key":"Strength Potion"}],"is_trial":false,"path_per_floor":["M","M","?","M","?","R","E","$","T","R","?","R","M","M","R","B",null,"M","M","?","?","M","E","R","M","T","E","R","E","R","$","R","B",null,"M","T","?","?","$","E","R","M","T","R","E","M","M","M","R","B","B",null],"character_chosen":"WATCHER","items_purchased":["Adaptation","Medical Kit","DollysMirror","Swift Potion","Bottled Flame"],"campfire_rested":0,"item_purchase_floors":[8,31,39,39,39],"current_hp_per_floor":[54,52,52,52,52,52,35,35,35,35,35,35,35,35,35,15,50,50,50,50,50,50,50,50,46,46,46,46,44,44,44,44,35,55,55,55,55,55,55,55,55,55,55,55,55,55,55,55,55,62,7],"gold":157,"neow_bonus":"REMOVE_CARD","is_prod":false,"is_daily":false,"chose_seed":false,"campfire_upgraded":11,"win_rate":0,"timestamp":1694765213,"path_taken":["M","M","?","M","?","R","E","?","T","R","?","R","M","M","R","BOSS","M","?","?","?","M","E","R","M","T","E","R","E","R","$","R","BOSS","M","?","?","?","$","E","R","M","T","R","E","M","?","M","R","BOSS","BOSS"],"build_version":"2022-12-18","purchased_purges":2,"victory":true,"max_hp_per_floor":[68,68,62,62,62,62,62,62,62,62,62,62,62,62,62,62,62,62,62,62,62,62,62,62,62,62,62,62,62,62,62,62,62,62,62,62,62,62,62,62,62,62,62,62,62,62,62,62,62,62,62],"card_choices":[{"not_picked":["Collect","Protect"],"picked":"EmptyFist","floor":1.0},{"not_picked":["Prostrate","SignatureMove"],"picked":"BowlingBash","floor":2.0},{"not_picked":["LikeWater","WheelKick"],"picked":"FearNoEvil","floor":4.0},{"not_picked":["Prostrate","Halt"],"picked":"Wallop","floor":7.0},{"not_picked":["FollowUp","Nirvana"],"picked":"FlurryOfBlows","floor":13.0},{"not_picked":["ClearTheMind","FlyingSleeves","Collect"],"picked":"SKIP","floor":14.0},{"not_picked":["ConjureBlade","Establishment"],"picked":"Judgement","floor":16.0},{"not_picked":["Crescendo","WindmillStrike"],"picked":"MentalFortress","floor":18.0},{"not_picked":["WaveOfTheHand","Swivel"],"picked":"CarveReality","floor":19.0},{"not_picked":["SignatureMove","CrushJoints"],"picked":"TalkToTheHand+1","floor":22.0},{"not_picked":["FlurryOfBlows","ThirdEye","Ragnarok"],"picked":"SKIP","floor":23},{"not_picked":["WaveOfTheHand","CutThroughFate"],"picked":"WheelKick+1","floor":25},{"not_picked":["Wish","Blasphemy"],"picked":"MentalFortress+1","floor":27},{"not_picked":["CutThroughFate","ThirdEye","FlurryOfBlows+1"],"picked":"SKIP","floor":29},{"not_picked":["Alpha","Ragnarok"],"picked":"SpiritShield","floor":33},{"not_picked":["Conclude","Wallop+1"],"picked":"Adaptation","floor":35},{"not_picked":["Consecrate","EmptyMind","Prostrate"],"picked":"SKIP","floor":40},{"not_picked":["Halt","FlyingSleeves"],"picked":"SandsOfTime","floor":42},{"not_picked":["BowlingBash","Crescendo+1","SashWhip"],"picked":"SKIP","floor":45},{"not_picked":["Worship","MentalFortress","Wallop"],"picked":"SKIP","floor":46},{"not_picked":["Conclude","Collect"],"picked":"TalkToTheHand","floor":47},{"not_picked":["ClearTheMind+1","Prostrate"],"picked":"InnerPeace","floor":48}],"player_experience":612010,"relics_obtained":[{"floor":7.0,"key":"Ginger"},{"floor":9.0,"key":"Gambling Chip"},{"floor":23,"key":"HornCleat"},{"floor":26,"key":"Omamori"},{"floor":27,"key":"War Paint"},{"floor":29,"key":"Bottled Tornado"},{"floor":36,"key":"Boot"},{"floor":40,"key":"Mummified Hand"},{"floor":43,"key":"Pantograph"},{"floor":45,"key":"Darkstone Periapt"}],"event_choices":[{"damage_healed":0.0,"max_hp_gain":0.0,"max_hp_loss":6.0,"gold_gain":0.0,"event_name":"Golden Idol","player_choice":"Lose Max HP","floor":3.0,"gold_loss":0.0,"damage_taken":0.0,"relics_obtained":["Golden Idol"]},{"cards_removed":["Strike_P"],"damage_healed":0.0,"max_hp_gain":0.0,"max_hp_loss":0.0,"gold_gain":0.0,"event_name":"The Cleric","player_choice":"Card Removal","floor":5.0,"gold_loss":75.0,"damage_taken":0.0},{"damage_healed":0.0,"max_hp_gain":0.0,"max_hp_loss":0.0,"gold_gain":0.0,"event_name":"WeMeetAgain","player_choice":"Gave Potion","floor":11.0,"gold_loss":0.0,"damage_taken":0.0,"relics_obtained":["Dead Branch"]},{"damage_healed":0.0,"max_hp_gain":0.0,"max_hp_loss":0.0,"gold_gain":0.0,"event_name":"Back to Basics","player_choice":"Simplicity","floor":20.0,"gold_loss":0.0,"damage_taken":0.0,"cards_upgraded":["Strike_P","Strike_P","Strike_P","Defend_P","Defend_P","Defend_P"]},{"damage_healed":0.0,"max_hp_gain":0.0,"max_hp_loss":0.0,"gold_gain":0.0,"event_name":"Match and Keep!","player_choice":"2 cards matched","floor":21.0,"gold_loss":0.0,"damage_taken":0.0,"cards_obtained":["Swivel","Eruption"]},{"damage_healed":0,"gold_gain":333,"player_choice":"Gave Idol","damage_taken":0,"max_hp_gain":0,"max_hp_loss":0,"event_name":"The Moai Head","floor":37,"relics_lost":["Golden Idol"],"gold_loss":0},{"cards_removed":["Strike_P"],"damage_healed":0,"gold_gain":0,"player_choice":"Card Removal","damage_taken":0,"max_hp_gain":0,"max_hp_loss":0,"event_name":"Wheel of Change","floor":38,"gold_loss":0}],"is_beta":false,"boss_relics":[{"not_picked":["Tiny House","Pandora\u0027s Box"],"picked":"Coffee Dripper"},{"not_picked":["HolyWater","Snecko Eye"],"picked":"Empty Cage"}],"items_purged_floors":[31,39],"is_endless":false,"potions_floor_spawned":[1,13,14,19,22,33,35,40,45,47],"ascension_level":20}