{"gold_per_floor":[117,42,42,42,42,73,73,104,173,173,197,216,236,260,260,359,359,379,379,379,379,27,27],"floor_reached":23,"playtime":679,"items_purged":["Strike_P","Strike_P"],"score":457,"play_id":"77a46ef5-9b00-4de1-99b6-0b89bdcb0b21","local_time":"20230907151634","is_ascension_mode":true,"campfire_choices":[{"data":"Eruption","floor":7,"key":"SMITH"},{"data":"EmptyFist","floor":10,"key":"SMITH"},{"data":"Vigilance","floor":15,"key":"SMITH"}],"neow_cost":"NONE","seed_source_timestamp":2555627601338800,"circlet_count":0,"master_deck":["AscendersBane","Strike_P","Strike_P","Defend_P","Defend_P","Defend_P+1","Eruption+1","Vigilance+1","EmptyFist+1","Wireheading","JustLucky+1","ClearTheMind","DeceiveReality","LessonLearned+1","ThirdEye","Fasting2"],"relics":["PureWater","NeowsBlessing","Bloody Idol","Lantern","HornCleat","Molten Egg 2","SlaversCollar","Prayer Wheel"],"potions_floor_usage":[14,16,23,23],"damage_taken":[{"damage":0,"enemies":"2 Louse","floor":1,"turns":1},{"damage":0,"enemies":"3 Sentries","floor":6,"turns":2},{"damage":0,"enemies":"Lagavulin","floor":8,"turns":1},{"damage":0,"enemies":"Small Slimes","floor":11,"turns":2},{"damage":0,"enemies":"Jaw Worm","floor":12,"turns":1},{"damage":8,"enemies":"Blue Slaver","floor":13,"turns":2},{"damage":4,"enemies":"Lots of Slimes","floor":14,"turns":3},{"damage":14,"enemies":"Slime Boss","floor":16,"turns":8},{"damage":17,"enemies":"2 Thieves","floor":18,"turns":5},{"damage":47,"enemies":"Slavers","floor":23,"turns":6}],"seed_played":"-3350052040472881080","potions_obtained":[{"floor":11,"key":"Fire Potion"},{"floor":12,"key":"Explosive Potion"},{"floor":14,"key":"LiquidBronze"}],"is_trial":false,"path_per_floor":["M","$","?","$","?","E","R","E","T","R","M","M","M","M","R","B",null,"M","?","T","?","$","E"],"character_chosen":"WATCHER","items_purchased":["Ancient Potion","Fasting2","DistilledChaos"],"campfire_rested":0,"item_purchase_floors":[22,22,22],"current_hp_per_floor":[61,61,54,54,54,54,54,54,54,54,54,54,46,42,42,28,54,37,37,37,28,28,0],"gold":27,"neow_bonus":"THREE_ENEMY_KILL","is_prod":false,"is_daily":false,"chose_seed":false,"campfire_upgraded":3,"win_rate":0,"timestamp":1694124994,"path_taken":["M","$","?","$","?","E","R","E","T","R","M","M","M","M","R","BOSS","M","?","?","?","$","E"],"build_version":"2022-12-18","purchased_purges":2,"victory":false,"max_hp_per_floor":[68,68,68,68,62,62,62,62,62,62,62,62,62,62,62,62,62,62,62,62,62,62,62],"card_choices":[{"not_picked":["Evaluate","Collect"],"picked":"EmptyFist","floor":1},{"not_picked":["JustLucky","FlyingSleeves","SashWhip"],"picked":"SKIP","floor":6},{"not_picked":["Worship","Study","CrushJoints"],"picked":"SKIP","floor":8},{"not_picked":["Consecrate+1","CrushJoints+1"],"picked":"Wireheading","floor":11},{"not_picked":["EmptyMind","EmptyBody"],"picked":"JustLucky+1","floor":12},{"not_picked":["FollowUp+1","JustLucky+1"],"picked":"ClearTheMind","floor":13},{"not_picked":["FlurryOfBlows+1","ClearTheMind"],"picked":"DeceiveReality","floor":14},{"not_picked":["MasterReality","SpiritShield"],"picked":"LessonLearned+1","floor":16},{"not_picked":["FlyingSleeves+1","ClearTheMind"],"picked":"ThirdEye","floor":18}],"player_experience":507126,"relics_obtained":[{"floor":6,"key":"Lantern"},{"floor":8,"key":"HornCleat"},{"floor":9,"key":"Molten Egg 2"},{"floor":20,"key":"Prayer Wheel"}],"event_choices":[{"cards_removed":["Defend_P"],"damage_healed":0,"gold_gain":0,"player_choice":"Card Removal","damage_taken":7,"max_hp_gain":0,"max_hp_loss":0,"event_name":"Golden Wing","floor":3,"gold_loss":0},{"damage_healed":0,"gold_gain":0,"player_choice":"Lose Max HP","damage_taken":0,"relics_obtained":["Golden Idol"],"max_hp_gain":0,"max_hp_loss":6,"event_name":"Golden Idol","floor":5,"gold_loss":0},{"damage_healed":0,"gold_gain":0,"player_choice":"Gave Idol","damage_taken":0,"relics_obtained":["Bloody Idol"],"max_hp_gain":0,"max_hp_loss":0,"event_name":"Forgotten Altar","floor":19,"relics_lost":["Golden Idol"],"gold_loss":0},{"damage_healed":0,"gold_gain":0,"player_choice":"Damaged","damage_taken":9,"max_hp_gain":0,"max_hp_loss":0,"event_name":"Wheel of Change","floor":21,"gold_loss":0}],"is_beta":false,"boss_relics":[{"not_picked":["Runic Dome","Velvet Choker"],"picked":"SlaversCollar"}],"items_purged_floors":[2,22],"is_endless":false,"potions_floor_spawned":[11,12,14],"killed_by":"Slavers","ascension_level":17}