{"gold_per_floor":[119,139,155,12,29,55,55,81,81,96,107,132,152,168,168,266,266,277,277,96,106,26,26,58,58,82,82,82,111,111,111,111,208,208,228,243,260,272,272,307,307,319,345,345,398,398,44,79,79,79,79,79,0,31,31],"floor_reached":56,"playtime":3815,"items_purged":["Strike_P","Strike_P","Defend_P"],"score":1342,"play_id":"ca2efdfd-cd01-4521-a681-7cc230206e4e","local_time":"20230909034306","is_ascension_mode":false,"campfire_choices":[{"data":"SpiritShield","floor":7.0,"key":"SMITH"},{"data":"EmptyFist","floor":15.0,"key":"SMITH"},{"data":"Vigilance","floor":23.0,"key":"SMITH"},{"data":"Tantrum","floor":25.0,"key":"SMITH"},{"data":"EmptyBody","floor":28.0,"key":"SMITH"},{"data":"DeceiveReality","floor":32.0,"key":"SMITH"},{"data":"CutThroughFate","floor":41.0,"key":"SMITH"},{"data":"ClearTheMind","floor":46.0,"key":"SMITH"},{"floor":49.0,"key":"RECALL"},{"data":"ReachHeaven","floor":52.0,"key":"SMITH"}],"neow_cost":"NONE","seed_source_timestamp":2683653242758100,"circlet_count":0,"master_deck":["Defend_P","Defend_P","Eruption+1","Vigilance+1","CutThroughFate+1","JustLucky","CarveReality","DeceiveReality+1","SpiritShield+1","ClearTheMind","Tantrum+1","EmptyFist+1","ReachHeaven+1","EmptyBody+1","Wireheading+1","InnerPeace","Nirvana+1","MasterReality+1","ClearTheMind+1","Study+1","ThirdEye+1","SashWhip+1","ReachHeaven+1","LikeWater+1"],"special_seed":0,"relics":["PureWater","Centennial Puzzle","Frozen Egg 2","Yang","Singing Bowl","VioletLotus","Matryoshka","Shuriken","Pen Nib","Akabeko","Empty Cage","Lizard Tail","Dream Catcher","Mango","ClockworkSouvenir","Damaru"],"potions_floor_usage":[55,55],"damage_taken":[{"damage":0.0,"enemies":"Cultist","floor":1.0,"turns":4.0},{"damage":0.0,"enemies":"2 Louse","floor":2.0,"turns":3.0},{"damage":0.0,"enemies":"Small Slimes","floor":3.0,"turns":2.0},{"damage":8.0,"enemies":"3 Louse","floor":5.0,"turns":5.0},{"damage":0.0,"enemies":"Gremlin Nob","floor":6.0,"turns":3.0},{"damage":0.0,"enemies":"Lagavulin","floor":8.0,"turns":8.0},{"damage":1.0,"enemies":"Looter","floor":10.0,"turns":2.0},{"damage":0.0,"enemies":"2 Fungi Beasts","floor":11.0,"turns":4.0},{"damage":18.0,"enemies":"3 Sentries","floor":12.0,"turns":3.0},{"damage":0.0,"enemies":"Large Slime","floor":13.0,"turns":3.0},{"damage":0.0,"enemies":"Looter","floor":14.0,"turns":1.0},{"damage":9.0,"enemies":"The Guardian","floor":16.0,"turns":9.0},{"damage":18.0,"enemies":"2 Thieves","floor":18.0,"turns":5.0},{"damage":2.0,"enemies":"3 Byrds","floor":21.0,"turns":3.0},{"damage":0.0,"enemies":"Gremlin Leader","floor":24.0,"turns":4.0},{"damage":0.0,"enemies":"Snecko","floor":27.0,"turns":2.0},{"damage":2.0,"enemies":"Book of Stabbing","floor":29.0,"turns":4.0},{"damage":2.0,"enemies":"Automaton","floor":33.0,"turns":8.0},{"damage":0.0,"enemies":"Orb Walker","floor":35.0,"turns":4.0},{"damage":2.0,"enemies":"3 Darklings","floor":36.0,"turns":4.0},{"damage":0.0,"enemies":"Transient","floor":37.0,"turns":5.0},{"damage":1.0,"enemies":"Spire Growth","floor":38.0,"turns":4.0},{"damage":9.0,"enemies":"Reptomancer","floor":40.0,"turns":4.0},{"damage":0.0,"enemies":"Maw","floor":42.0,"turns":6.0},{"damage":3.0,"enemies":"2 Orb Walkers","floor":45.0,"turns":5.0},{"damage":12.0,"enemies":"Nemesis","floor":48.0,"turns":5.0},{"damage":51.0,"enemies":"Awakened One","floor":50.0,"turns":10.0},{"damage":23.0,"enemies":"Shield and Spear","floor":54.0,"turns":5.0},{"damage":107,"enemies":"The Heart","floor":55,"turns":10}],"seed_played":"4513806543218330753","potions_obtained":[{"floor":2.0,"key":"EssenceOfSteel"},{"floor":3.0,"key":"EssenceOfSteel"},{"floor":8.0,"key":"Weak Potion"},{"floor":11.0,"key":"Swift Potion"},{"floor":12.0,"key":"ColorlessPotion"},{"floor":16.0,"key":"Strength Potion"},{"floor":18.0,"key":"SmokeBomb"},{"floor":31.0,"key":"BlessingOfTheForge"},{"floor":31.0,"key":"ColorlessPotion"},{"floor":36.0,"key":"ColorlessPotion"},{"floor":37.0,"key":"BottledMiracle"},{"floor":54.0,"key":"Swift Potion"}],"is_trial":false,"path_per_floor":["M","M","M","$","M","E","R","E","T","M","M","E","M","M","R","B",null,"M","?","$","M","$","R","E","R","T","M","R","E","$","?","R","B",null,"M","M","M","M","?","E","R","M","T","?","?","R","$","E","R","B",null,"R","$","E","B",null],"character_chosen":"WATCHER","items_purchased":["CarveReality","EmptyBody","Wireheading+1","InnerPeace","ClockworkSouvenir","ReachHeaven","LikeWater+1"],"campfire_rested":0,"item_purchase_floors":[4,20,20,22,47,47,53],"current_hp_per_floor":[72,72,72,72,64,64,64,64,64,63,63,45,47,47,47,38,74,56,84,84,84,84,84,86,86,86,86,86,84,84,84,84,82,88,88,88,88,89,89,82,82,82,82,82,93,93,93,83,83,32,110,110,110,89,56],"gold":31,"neow_bonus":"UPGRADE_CARD","is_prod":false,"is_daily":false,"chose_seed":false,"campfire_upgraded":9,"win_rate":0,"timestamp":1694256186,"path_taken":["M","M","M","$","M","E","R","E","T","M","?","E","M","M","R","BOSS","M","?","$","?","$","R","E","R","T","M","R","E","?","?","R","BOSS","M","M","M","?","?","E","R","M","T","?","?","R","$","E","R","BOSS","R","$","E","BOSS"],"build_version":"2022-12-18","purchased_purges":3,"victory":true,"max_hp_per_floor":[72,72,72,72,72,72,72,72,72,72,72,72,74,74,74,74,74,74,84,84,86,86,86,88,88,88,88,88,88,88,88,88,88,88,88,90,90,92,92,94,94,94,94,94,108,108,108,110,110,110,110,110,110,112,112],"card_choices":[{"not_picked":["Halt","Prostrate"],"picked":"CutThroughFate","floor":1.0},{"not_picked":["SashWhip","PathToVictory","Collect"],"picked":"SKIP","floor":2.0},{"not_picked":["Vengeance","Prostrate"],"picked":"JustLucky","floor":3.0},{"not_picked":["Study","Collect"],"picked":"DeceiveReality","floor":5.0},{"not_picked":["LikeWater","FlurryOfBlows"],"picked":"SpiritShield","floor":6.0},{"not_picked":["Pray","Evaluate","Worship"],"picked":"SKIP","floor":8.0},{"not_picked":["PathToVictory","FollowUp"],"picked":"ClearTheMind","floor":10.0},{"not_picked":["Halt","ClearTheMind","Protect"],"picked":"SKIP","floor":11.0},{"not_picked":["Blasphemy","Prostrate"],"picked":"Tantrum","floor":12.0},{"not_picked":["JustLucky","SashWhip","Conclude"],"picked":"Singing Bowl","floor":13.0},{"not_picked":["PathToVictory","ClearTheMind"],"picked":"EmptyFist","floor":14.0},{"not_picked":["Alpha","Judgement"],"picked":"Devotion+1","floor":16.0},{"not_picked":["Consecrate","WindmillStrike"],"picked":"ReachHeaven+1","floor":18.0},{"not_picked":["CrushJoints","Weave+1","SandsOfTime"],"picked":"Singing Bowl","floor":21.0},{"not_picked":["EmptyBody","ReachHeaven","CrushJoints"],"picked":"Singing Bowl","floor":24.0},{"not_picked":["ReachHeaven","LikeWater+1"],"picked":"Nirvana+1","floor":29.0},{"not_picked":["Blasphemy","DeusExMachina"],"picked":"MasterReality+1","floor":33.0},{"not_picked":["EmptyBody","BattleHymn+1"],"picked":"ClearTheMind","floor":35.0},{"not_picked":["Halt+1","JustLucky","Weave+1"],"picked":"Singing Bowl","floor":36.0},{"not_picked":["WaveOfTheHand+1","JustLucky"],"picked":"Study+1","floor":37.0},{"not_picked":["FollowUp","FlurryOfBlows+1","CarveReality+1"],"picked":"Singing Bowl","floor":38.0},{"not_picked":["Vengeance","CrushJoints+1","Halt+1"],"picked":"Singing Bowl","floor":40.0},{"not_picked":["Vengeance","FlurryOfBlows"],"picked":"ThirdEye+1","floor":42.0},{"not_picked":["Sanctity+1","ClearTheMind"],"picked":"SashWhip+1","floor":45.0},{"not_picked":["SignatureMove","Omniscience","CarveReality"],"picked":"Singing Bowl","floor":48.0},{"not_picked":["EmptyMind+1","FollowUp+1","Study+1"],"picked":"Singing Bowl","floor":54.0}],"player_experience":525182,"relics_obtained":[{"floor":6.0,"key":"Centennial Puzzle"},{"floor":8.0,"key":"Frozen Egg 2"},{"floor":9.0,"key":"Yang"},{"floor":12.0,"key":"Singing Bowl"},{"floor":24.0,"key":"Matryoshka"},{"floor":26.0,"key":"Shuriken"},{"floor":26.0,"key":"Pen Nib"},{"floor":29.0,"key":"Akabeko"},{"floor":40.0,"key":"Lizard Tail"},{"floor":43.0,"key":"Dream Catcher"},{"floor":45.0,"key":"Mango"},{"floor":48.0,"key":"Damaru"}],"event_choices":[{"cards_removed":["Devotion"],"damage_healed":18.0,"max_hp_gain":10.0,"max_hp_loss":0.0,"gold_gain":0.0,"event_name":"Bonfire Elementals","player_choice":"Offered Rare","floor":19.0,"gold_loss":0.0,"damage_taken":0.0},{"damage_healed":0.0,"max_hp_gain":0.0,"max_hp_loss":0.0,"gold_gain":0.0,"event_name":"Lab","player_choice":"Got Potions","floor":31.0,"gold_loss":0.0,"damage_taken":0.0},{"damage_healed":0.0,"max_hp_gain":0.0,"max_hp_loss":0.0,"gold_gain":0.0,"event_name":"Tomb of Lord Red Mask","player_choice":"Ignored","floor":39.0,"gold_loss":0.0,"damage_taken":0.0},{"cards_removed":["Defend_P"],"damage_healed":0.0,"max_hp_gain":0.0,"max_hp_loss":0.0,"gold_gain":0.0,"event_name":"Falling","player_choice":"Removed Skill","floor":44.0,"gold_loss":0.0,"damage_taken":0.0},{"damage_healed":0.0,"max_hp_gain":0.0,"max_hp_loss":0.0,"gold_gain":0.0,"event_name":"Mysterious Sphere","player_choice":"Fight","floor":45.0,"gold_loss":0.0,"damage_taken":0.0}],"is_beta":false,"boss_relics":[{"not_picked":["Tiny House","Runic Pyramid"],"picked":"VioletLotus"},{"not_picked":["Pandora\u0027s Box","Snecko Eye"],"picked":"Empty Cage"}],"items_purged_floors":[4,20,47],"is_endless":false,"potions_floor_spawned":[2,3,8,11,12,16,18,36,37,54],"ascension_level":0}