{"gold_per_floor":[116,128,145,161,161,161,161,196,196,236,251,271,271,118,118,204,204,231,243,143,159,186,186,223,223,223,258,277,192,218,49,49,135,135,163,183,183,202,231,231,231,251,251,278,307,307,108,127,127,127,127],"floor_reached":51,"playtime":2823,"items_purged":["Defend_P","Strike_P","Defend_P"],"score":2098,"play_id":"2ec8d3f4-01be-46cc-a0cc-d84059ac120b","local_time":"20230914222917","is_ascension_mode":true,"campfire_choices":[{"data":"BowlingBash","floor":6.0,"key":"SMITH"},{"data":"Meditate","floor":7.0,"key":"SMITH"},{"data":"SandsOfTime","floor":13,"key":"SMITH"},{"data":"Perseverance","floor":15,"key":"SMITH"},{"data":"Scrawl","floor":23,"key":"SMITH"},{"data":"Wallop","floor":25,"key":"SMITH"},{"data":"Meditate","floor":32,"key":"SMITH"},{"data":"Fasting2","floor":40,"key":"SMITH"},{"data":"Vault","floor":41,"key":"SMITH"},{"data":"Establishment","floor":46,"key":"SMITH"},{"data":"MentalFortress","floor":49,"key":"SMITH"}],"neow_cost":"TEN_PERCENT_HP_LOSS","seed_source_timestamp":97892598480800,"circlet_count":0,"master_deck":["AscendersBane","Strike_P","Strike_P+1","Defend_P","Eruption+1","Vigilance","BowlingBash+1","Meditate+1","EmptyBody","Perseverance+1","SandsOfTime+1","Tantrum+1","ReachHeaven","Scrawl+1","Wallop+1","Ghostly","Ghostly","Ghostly","DeceiveReality","CarveReality+1","Meditate+1","Vault+1","Fasting2+1","InnerPeace+1","CrushJoints+1","Establishment+1","WaveOfTheHand","MentalFortress+1"],"special_seed":0,"relics":["PureWater","WingedGreaves","CeramicFish","Matryoshka","Thread and Needle","Empty Cage","Akabeko","Shuriken","Whetstone","Anchor","Bag of Preparation","Pen Nib","ClockworkSouvenir","Philosopher\u0027s Stone","Centennial Puzzle","Toy Ornithopter","Potion Belt"],"potions_floor_usage":[12,33,36,50,50,50,50,50,50,51],"damage_taken":[{"damage":1.0,"enemies":"Small Slimes","floor":1.0,"turns":4.0},{"damage":0.0,"enemies":"Cultist","floor":2.0,"turns":3.0},{"damage":0.0,"enemies":"Jaw Worm","floor":3.0,"turns":2.0},{"damage":6.0,"enemies":"Blue Slaver","floor":4.0,"turns":5.0},{"damage":0,"enemies":"3 Sentries","floor":8,"turns":2},{"damage":19,"enemies":"Lagavulin","floor":10,"turns":7},{"damage":3,"enemies":"Exordium Wildlife","floor":11,"turns":2},{"damage":0,"enemies":"3 Louse","floor":12,"turns":4},{"damage":0,"enemies":"Slime Boss","floor":16,"turns":5},{"damage":3,"enemies":"3 Byrds","floor":18,"turns":5},{"damage":6,"enemies":"Spheric Guardian","floor":19,"turns":3},{"damage":3,"enemies":"Snecko","floor":21,"turns":4},{"damage":0,"enemies":"Slavers","floor":24,"turns":4},{"damage":0,"enemies":"Gremlin Leader","floor":27,"turns":4},{"damage":4,"enemies":"Chosen and Byrds","floor":28,"turns":4},{"damage":0,"enemies":"Book of Stabbing","floor":30,"turns":4},{"damage":0,"enemies":"Automaton","floor":33,"turns":5},{"damage":0,"enemies":"Orb Walker","floor":35,"turns":2},{"damage":1,"enemies":"3 Shapes","floor":36,"turns":3},{"damage":0,"enemies":"Maw","floor":38,"turns":5},{"damage":0,"enemies":"Jaw Worm Horde","floor":39,"turns":3},{"damage":11,"enemies":"4 Shapes","floor":42,"turns":4},{"damage":0,"enemies":"Giant Head","floor":44,"turns":4},{"damage":0,"enemies":"Spire Growth","floor":45,"turns":4},{"damage":0,"enemies":"Maw","floor":48,"turns":5},{"damage":0,"enemies":"Time Eater","floor":50,"turns":11},{"damage":36,"enemies":"Awakened One","floor":51,"turns":5}],"seed_played":"4288755748293156955","potions_obtained":[{"floor":1.0,"key":"Fire Potion"},{"floor":4.0,"key":"DuplicationPotion"},{"floor":10,"key":"Ambrosia"},{"floor":19,"key":"Weak Potion"},{"floor":33,"key":"EntropicBrew"},{"floor":36,"key":"Fruit Juice"},{"floor":38,"key":"BlessingOfTheForge"},{"floor":45,"key":"Block Potion"}],"is_trial":false,"path_per_floor":["M","M","M","M","?","R","R","E","T","E","M","M","R","$","R","B",null,"M","M","$","M","?","R","E","R","T","E","M","?","E","$","R","B",null,"M","M","?","M","M","R","R","M","T","E","M","R","$","M","R","B","B"],"character_chosen":"WATCHER","items_purchased":["ReachHeaven","ClockworkSouvenir","WaveOfTheHand"],"campfire_rested":0,"item_purchase_floors":[14,31,47],"current_hp_per_floor":[60,60,60,54,54,54,54,54,54,35,32,32,32,32,32,32,55,52,46,46,43,31,31,31,31,31,31,27,27,27,27,27,27,30,30,34,34,34,34,34,34,23,23,23,23,23,23,23,23,36,0],"gold":127,"neow_bonus":"ONE_RARE_RELIC","is_prod":false,"is_daily":false,"chose_seed":false,"campfire_upgraded":11,"win_rate":0,"timestamp":1694755757,"path_taken":["M","M","M","M","?","R","R","E","T","E","M","M","R","$","R","BOSS","M","?","$","M","?","R","E","R","T","E","M","?","E","?","R","BOSS","M","M","?","?","M","R","R","M","T","E","M","R","$","M","R","BOSS","BOSS"],"build_version":"2022-12-18","purchased_purges":3,"victory":false,"max_hp_per_floor":[62,62,62,62,62,62,62,62,62,62,62,62,62,62,62,62,62,62,62,62,62,31,31,31,31,31,31,31,31,31,31,31,31,31,31,36,36,36,36,36,36,36,36,36,36,36,36,36,36,36,36],"card_choices":[{"not_picked":["Sanctity","Conclude"],"picked":"BowlingBash","floor":1.0},{"not_picked":["Weave","ForeignInfluence"],"picked":"Meditate","floor":2.0},{"not_picked":["Protect","Consecrate"],"picked":"EmptyBody","floor":3.0},{"not_picked":["Conclude","Worship","Halt"],"picked":"SKIP","floor":4.0},{"not_picked":["WreathOfFlame","Pray"],"picked":"Perseverance","floor":8},{"not_picked":["FollowUp","InnerPeace"],"picked":"SandsOfTime","floor":10},{"not_picked":["Crescendo","Pray","ClearTheMind"],"picked":"SKIP","floor":11},{"not_picked":["FlurryOfBlows","Evaluate"],"picked":"Tantrum","floor":12},{"not_picked":["Vault","Wish"],"picked":"Scrawl","floor":16},{"not_picked":["Pray","Halt"],"picked":"Wallop","floor":18},{"not_picked":["Nirvana","FollowUp","Study"],"picked":"SKIP","floor":19},{"not_picked":["Fasting2","EmptyFist","Prostrate"],"picked":"SKIP","floor":21},{"not_picked":["Conclude","Wallop"],"picked":"DeceiveReality","floor":24},{"not_picked":["JustLucky","ThirdEye"],"picked":"CarveReality+1","floor":27},{"not_picked":["ClearTheMind","EmptyFist+1"],"picked":"Meditate","floor":28},{"not_picked":["Ragnarok","Protect","Evaluate"],"picked":"SKIP","floor":30},{"not_picked":["Judgement","LessonLearned"],"picked":"Vault","floor":33},{"not_picked":["FearNoEvil","BowlingBash"],"picked":"Fasting2","floor":35},{"not_picked":["BowlingBash","SashWhip","WreathOfFlame+1"],"picked":"SKIP","floor":36},{"not_picked":["JustLucky","CutThroughFate","FlyingSleeves+1"],"picked":"SKIP","floor":38},{"not_picked":["Consecrate","Crescendo"],"picked":"InnerPeace+1","floor":39},{"not_picked":["ClearTheMind+1","EmptyBody"],"picked":"CrushJoints+1","floor":42},{"not_picked":["JustLucky+1","EmptyBody","CrushJoints"],"picked":"SKIP","floor":44},{"not_picked":["CrushJoints","Evaluate"],"picked":"Establishment","floor":45},{"not_picked":["EmptyMind","Evaluate"],"picked":"MentalFortress","floor":48}],"player_experience":602631,"relics_obtained":[{"floor":8,"key":"CeramicFish"},{"floor":9,"key":"Matryoshka"},{"floor":10,"key":"Thread and Needle"},{"floor":24,"key":"Akabeko"},{"floor":26,"key":"Shuriken"},{"floor":26,"key":"Whetstone"},{"floor":27,"key":"Anchor"},{"floor":30,"key":"Pen Nib"},{"floor":43,"key":"Centennial Puzzle"},{"floor":43,"key":"Toy Ornithopter"},{"floor":44,"key":"Potion Belt"}],"event_choices":[{"damage_healed":0.0,"max_hp_gain":0.0,"max_hp_loss":0.0,"gold_gain":0.0,"event_name":"Upgrade Shrine","player_choice":"Upgraded","floor":5.0,"gold_loss":0.0,"damage_taken":0.0,"cards_upgraded":["Eruption"]},{"damage_healed":0,"gold_gain":0,"player_choice":"Became a Ghost","damage_taken":0,"max_hp_gain":0,"max_hp_loss":31,"event_name":"Ghosts","floor":22,"gold_loss":0,"cards_obtained":["Ghostly","Ghostly","Ghostly"]},{"damage_healed":0,"gold_gain":0,"player_choice":"Obtained Relic","damage_taken":0,"relics_obtained":["Bag of Preparation"],"max_hp_gain":0,"max_hp_loss":0,"event_name":"Addict","floor":29,"gold_loss":85},{"damage_healed":0,"gold_gain":0,"player_choice":"Ignored","damage_taken":0,"max_hp_gain":0,"max_hp_loss":0,"event_name":"SecretPortal","floor":37,"gold_loss":0}],"is_beta":false,"boss_relics":[{"not_picked":["Astrolabe","Runic Dome"],"picked":"Empty Cage"},{"not_picked":["Tiny House","Snecko Eye"],"picked":"Philosopher\u0027s Stone"}],"items_purged_floors":[14,20,47],"is_endless":false,"potions_floor_spawned":[1,4,10,11,19,28,33,36,38,42,45],"killed_by":"Awakened One","ascension_level":20}