{"gold_per_floor":[117,42,42,5,5,31,31,63,63,78,94,113,113,148,148,227,227,247,259,279,92,111,111,123,123,192,192,222,234,278,89,89,163,163,163],"floor_reached":35,"playtime":1870,"items_purged":["Defend_P","Defend_P"],"score":927,"play_id":"17699739-0741-42f8-b1c2-dd602df3baa0","local_time":"20230911174929","is_ascension_mode":true,"campfire_choices":[{"data":"Eruption","floor":7,"key":"SMITH"},{"data":"SandsOfTime","floor":15,"key":"SMITH"},{"data":"Adaptation","floor":25,"key":"SMITH"},{"floor":27,"key":"REST"},{"floor":29,"key":"REST"},{"data":"ClearTheMind","floor":32,"key":"SMITH"}],"neow_cost":"NONE","seed_source_timestamp":146926186673200,"circlet_count":0,"master_deck":["AscendersBane","Strike_P","Strike_P","Strike_P","Defend_P","Defend_P","Eruption+1","Vigilance","Sanctity","SandsOfTime+1","Protect","Vault","Wallop+1","ThirdEye","EmptyFist+1","FlurryOfBlows+1","Establishment","Indignation","WaveOfTheHand+1","ReachHeaven+1","Adaptation+1","FlurryOfBlows+1","Wireheading+1","ClearTheMind+1","Blasphemy"],"relics":["PureWater","NeowsBlessing","StoneCalendar","Molten Egg 2","Kunai","Ancient Tea Set","SacredBark","Sundial","MawBank","Eternal Feather","OrangePellets","Cursed Key"],"potions_floor_usage":[22,28,33],"damage_taken":[{"damage":0,"enemies":"2 Louse","floor":1,"turns":1},{"damage":0,"enemies":"Lagavulin","floor":6,"turns":1},{"damage":0,"enemies":"3 Sentries","floor":8,"turns":2},{"damage":0,"enemies":"Cultist","floor":10,"turns":3},{"damage":4,"enemies":"Small Slimes","floor":11,"turns":3},{"damage":0,"enemies":"2 Fungi Beasts","floor":12,"turns":3},{"damage":10,"enemies":"Lagavulin","floor":14,"turns":6},{"damage":3,"enemies":"The Guardian","floor":16,"turns":7},{"damage":19,"enemies":"2 Thieves","floor":18,"turns":5},{"damage":0,"enemies":"Chosen","floor":19,"turns":4},{"damage":6,"enemies":"Snecko","floor":20,"turns":5},{"damage":1,"enemies":"Snake Plant","floor":22,"turns":3},{"damage":15,"enemies":"Centurion and Healer","floor":24,"turns":6},{"damage":8,"enemies":"Slavers","floor":28,"turns":5},{"damage":0,"enemies":"Gremlin Leader","floor":30,"turns":4},{"damage":29,"enemies":"Collector","floor":33,"turns":7},{"damage":70,"enemies":"3 Darklings","floor":35,"turns":5}],"seed_played":"9223032365083958570","potions_obtained":[{"floor":1,"key":"BottledMiracle"},{"floor":8,"key":"LiquidBronze"},{"floor":18,"key":"BottledMiracle"},{"floor":22,"key":"FearPotion"}],"is_trial":false,"path_per_floor":["M","$","?","$","?","E","R","E","T","M","M","M","?","E","R","B",null,"M","M","M","$","M","$","M","R","T","R","E","R","E","$","R","B",null,"M"],"character_chosen":"WATCHER","items_purchased":["SandsOfTime","Adaptation","OrangePellets","ClearTheMind"],"campfire_rested":2,"item_purchase_floors":[4,21,31,31],"current_hp_per_floor":[61,61,61,61,61,61,61,61,61,61,57,57,68,58,58,55,65,46,46,40,40,39,39,24,24,24,44,36,56,56,56,68,39,61,0],"gold":163,"neow_bonus":"THREE_ENEMY_KILL","is_prod":false,"is_daily":false,"chose_seed":false,"campfire_upgraded":4,"win_rate":0,"timestamp":1694479769,"path_taken":["M","$","?","?","?","E","R","E","T","M","M","M","?","E","R","BOSS","M","M","M","$","?","?","M","R","T","R","E","R","E","$","R","BOSS","M"],"build_version":"2022-12-18","purchased_purges":2,"victory":false,"max_hp_per_floor":[68,68,68,68,68,68,68,68,68,68,68,68,68,68,68,68,68,68,68,68,68,68,68,68,68,68,68,68,68,68,68,68,68,68,68],"card_choices":[{"not_picked":["CrushJoints","Prostrate"],"picked":"Sanctity","floor":1},{"not_picked":["FollowUp","Halt"],"picked":"Protect","floor":6},{"not_picked":["Prostrate","Perseverance"],"picked":"Vault","floor":8},{"not_picked":["SandsOfTime+1","DeceiveReality"],"picked":"Wallop+1","floor":10},{"not_picked":["Wallop+1","ForeignInfluence"],"picked":"ThirdEye","floor":11},{"not_picked":["FlyingSleeves+1","WaveOfTheHand"],"picked":"EmptyFist+1","floor":12},{"not_picked":["EmptyBody","SandsOfTime+1"],"picked":"FlurryOfBlows+1","floor":14},{"not_picked":["ConjureBlade","Alpha"],"picked":"Establishment","floor":16},{"not_picked":["Weave+1","EmptyFist+1"],"picked":"Indignation","floor":18},{"not_picked":["EmptyBody","Consecrate+1"],"picked":"WaveOfTheHand+1","floor":19},{"not_picked":["SignatureMove+1","Worship"],"picked":"ReachHeaven+1","floor":20},{"not_picked":["Sanctity","Crescendo+1"],"picked":"FlurryOfBlows+1","floor":22},{"not_picked":["CrushJoints+1","Pray","Swivel"],"picked":"SKIP","floor":24},{"not_picked":["Wireheading","ThirdEye","Crescendo"],"picked":"SKIP","floor":28},{"not_picked":["SignatureMove+1","Halt+1"],"picked":"Wireheading+1","floor":30},{"not_picked":["DevaForm","Brilliance+1"],"picked":"Blasphemy","floor":33}],"player_experience":552170,"relics_obtained":[{"floor":6,"key":"StoneCalendar"},{"floor":8,"key":"Molten Egg 2"},{"floor":9,"key":"Kunai"},{"floor":14,"key":"Ancient Tea Set"},{"floor":26,"key":"Sundial"},{"floor":28,"key":"MawBank"},{"floor":30,"key":"Eternal Feather"}],"event_choices":[{"cards_removed":["Strike_P"],"damage_healed":0,"gold_gain":0,"player_choice":"Offered Basic","damage_taken":0,"max_hp_gain":0,"max_hp_loss":0,"event_name":"Bonfire Elementals","floor":3,"gold_loss":0},{"damage_healed":0,"gold_gain":0,"player_choice":"Ignored","damage_taken":0,"max_hp_gain":0,"max_hp_loss":0,"event_name":"Liars Game","floor":5,"gold_loss":0},{"damage_healed":11,"gold_gain":0,"player_choice":"Full Heal","damage_taken":0,"max_hp_gain":0,"max_hp_loss":0,"event_name":"Wheel of Change","floor":13,"gold_loss":0}],"is_beta":false,"boss_relics":[{"not_picked":["Snecko Eye","Runic Pyramid"],"picked":"SacredBark"},{"not_picked":["Coffee Dripper","Sozu"],"picked":"Cursed Key"}],"items_purged_floors":[2,21],"is_endless":false,"potions_floor_spawned":[1,8,12,18,22,24],"killed_by":"3 Darklings","ascension_level":18}