{"gold_per_floor":[116,266,335,335,182,200,200,210,210,210,210,245,245,280,280,356,356,374,374,385,395,96,96,96,111,138,88,114,114,124,124,124,198,198,217,217,230,247,43,43,43,43,43,43,43,43,76,88,88,88],"floor_reached":51,"playtime":2434,"items_purged":["Doubt","Strike_P","Strike_P"],"score":1389,"play_id":"50af0d06-da7a-40d6-baba-bcc3bf8e3c63","local_time":"20230907155727","is_ascension_mode":true,"campfire_choices":[{"data":"EmptyFist","floor":7,"key":"SMITH"},{"data":"WheelKick","floor":10,"key":"SMITH"},{"floor":13,"key":"REST"},{"data":"LikeWater","floor":15,"key":"SMITH"},{"data":"Apotheosis","floor":23,"key":"SMITH"},{"floor":29,"key":"REST"},{"floor":32,"key":"REST"},{"data":"MentalFortress","floor":40,"key":"SMITH"},{"data":"Scrawl","floor":42,"key":"SMITH"},{"data":"LikeWater","floor":44,"key":"SMITH"},{"data":"SignatureMove","floor":46,"key":"SMITH"},{"floor":49,"key":"REST"}],"neow_cost":"NONE","seed_source_timestamp":2556316404374200,"circlet_count":0,"master_deck":["AscendersBane","Strike_P","Strike_P","Defend_P+1","Defend_P","Defend_P","Eruption+1","Vigilance","EmptyFist+1","LikeWater+1","EmptyBody+1","WheelKick+1","DeceiveReality","Scrawl+1","Indignation","Meditate","Evaluate+1","Apotheosis+1","ClearTheMind","LikeWater+1","SignatureMove+1","CurseOfTheBell","MentalFortress+1","Adaptation","WindmillStrike"],"relics":["VioletLotus","Pear","Ancient Tea Set","Akabeko","Shuriken","War Paint","Busted Crown","Juzu Bracelet","TeardropLocket","Tiny Chest","Calling Bell","PreservedInsect","Meat on the Bone","CaptainsWheel","StrikeDummy","Turnip","Singing Bowl"],"potions_floor_usage":[12,20,25,28,33,50],"damage_taken":[{"damage":2,"enemies":"Small Slimes","floor":1,"turns":4},{"damage":7,"enemies":"Jaw Worm","floor":6,"turns":4},{"damage":1,"enemies":"2 Louse","floor":8,"turns":2},{"damage":22,"enemies":"Lagavulin","floor":12,"turns":6},{"damage":0,"enemies":"3 Sentries","floor":14,"turns":9},{"damage":32,"enemies":"The Guardian","floor":16,"turns":11},{"damage":0,"enemies":"Chosen","floor":18,"turns":3},{"damage":0,"enemies":"Spheric Guardian","floor":20,"turns":2},{"damage":6,"enemies":"Centurion and Healer","floor":21,"turns":5},{"damage":51,"enemies":"3 Cultists","floor":25,"turns":8},{"damage":0,"enemies":"Gremlin Leader","floor":28,"turns":5},{"damage":0,"enemies":"Shelled Parasite and Fungi","floor":30,"turns":5},{"damage":28,"enemies":"Collector","floor":33,"turns":5},{"damage":0,"enemies":"Orb Walker","floor":35,"turns":2},{"damage":0,"enemies":"3 Shapes","floor":37,"turns":4},{"damage":3,"enemies":"Sphere and 2 Shapes","floor":38,"turns":4},{"damage":2,"enemies":"Giant Head","floor":47,"turns":7},{"damage":8,"enemies":"Spire Growth","floor":48,"turns":5},{"damage":4,"enemies":"Donu and Deca","floor":50,"turns":8}],"seed_played":"4231795037885067866","potions_obtained":[{"floor":1,"key":"GamblersBrew"},{"floor":6,"key":"FearPotion"},{"floor":14,"key":"BottledMiracle"},{"floor":25,"key":"GamblersBrew"},{"floor":28,"key":"SteroidPotion"},{"floor":33,"key":"Fire Potion"},{"floor":35,"key":"Fire Potion"},{"floor":47,"key":"Regen Potion"}],"is_trial":false,"path_per_floor":["M","?","T","?","$","M","R","M","T","R","T","E","R","E","R","B",null,"M","?","M","M","$","R","?","M","T","?","E","R","M","?","R","B",null,"M","?","M","M","$","R","T","R","T","R","?","R","E","M","R","B",null],"character_chosen":"WATCHER","items_purchased":["LikeWater","Apotheosis","Adaptation"],"campfire_rested":4,"item_purchase_floors":[5,22,39],"current_hp_per_floor":[59,59,69,69,69,62,62,61,61,61,61,39,62,62,62,30,66,66,66,66,60,60,60,60,9,9,9,9,32,32,32,55,27,65,65,65,65,62,62,62,62,62,62,62,62,62,60,54,78,80],"gold":88,"neow_bonus":"BOSS_RELIC","is_prod":false,"is_daily":false,"chose_seed":false,"campfire_upgraded":8,"win_rate":0,"timestamp":1694127447,"path_taken":["M","?","?","?","$","?","R","M","T","R","?","E","R","E","R","BOSS","M","?","M","M","$","R","?","M","T","?","E","R","M","?","R","BOSS","M","?","M","M","?","R","?","R","T","R","?","R","E","M","R","BOSS"],"build_version":"2022-12-18","purchased_purges":3,"victory":true,"max_hp_per_floor":[68,68,78,78,78,78,78,78,78,78,78,78,78,78,78,78,78,78,78,78,78,78,78,78,78,78,78,78,78,78,78,78,78,78,78,78,78,78,78,78,78,78,78,78,78,78,78,80,80,80],"card_choices":[{"not_picked":["TalkToTheHand","Consecrate"],"picked":"EmptyFist","floor":1},{"not_picked":["Consecrate","FollowUp"],"picked":"EmptyBody","floor":6},{"not_picked":["Nirvana","ThirdEye"],"picked":"WheelKick","floor":8},{"not_picked":["Study","Weave"],"picked":"DeceiveReality","floor":12},{"not_picked":["SandsOfTime","Crescendo","FollowUp"],"picked":"SKIP","floor":14},{"not_picked":["LessonLearned","ConjureBlade"],"picked":"Scrawl","floor":16},{"not_picked":[],"picked":"Indignation","floor":18},{"not_picked":[],"picked":"Meditate","floor":20},{"not_picked":[],"picked":"Evaluate+1","floor":21},{"not_picked":["JustLucky"],"picked":"SKIP","floor":25},{"not_picked":[],"picked":"ClearTheMind","floor":28},{"not_picked":[],"picked":"LikeWater","floor":30},{"not_picked":[],"picked":"MentalFortress","floor":35},{"not_picked":["Conclude"],"picked":"SKIP","floor":37},{"not_picked":["Prostrate+1"],"picked":"SKIP","floor":38},{"not_picked":[],"picked":"WindmillStrike","floor":47},{"not_picked":["FlyingSleeves+1"],"picked":"Singing Bowl","floor":48}],"player_experience":507805,"relics_obtained":[{"floor":3,"key":"Pear"},{"floor":9,"key":"Ancient Tea Set"},{"floor":11,"key":"Akabeko"},{"floor":12,"key":"Shuriken"},{"floor":14,"key":"War Paint"},{"floor":26,"key":"Juzu Bracelet"},{"floor":28,"key":"Tiny Chest"},{"floor":34,"key":"PreservedInsect"},{"floor":34,"key":"Meat on the Bone"},{"floor":34,"key":"CaptainsWheel"},{"floor":41,"key":"StrikeDummy"},{"floor":43,"key":"Turnip"},{"floor":47,"key":"Singing Bowl"}],"event_choices":[{"damage_healed":0,"gold_gain":150,"player_choice":"AGREE","damage_taken":0,"max_hp_gain":0,"max_hp_loss":0,"event_name":"Liars Game","floor":2,"gold_loss":0,"cards_obtained":["Doubt"]},{"damage_healed":0,"gold_gain":0,"player_choice":"Forge","damage_taken":0,"max_hp_gain":0,"max_hp_loss":0,"event_name":"Accursed Blacksmith","floor":4,"gold_loss":0,"cards_upgraded":["Eruption"]},{"damage_healed":0,"gold_gain":0,"player_choice":"Ignored","damage_taken":0,"max_hp_gain":0,"max_hp_loss":0,"event_name":"The Mausoleum","floor":19,"gold_loss":0},{"damage_healed":0,"gold_gain":0,"player_choice":"Ignored","damage_taken":0,"max_hp_gain":0,"max_hp_loss":0,"event_name":"Vampires","floor":24,"gold_loss":0},{"damage_healed":0,"gold_gain":0,"player_choice":"Paid Gold","damage_taken":0,"relics_obtained":["TeardropLocket"],"max_hp_gain":0,"max_hp_loss":0,"event_name":"WeMeetAgain","floor":27,"gold_loss":50},{"damage_healed":0,"gold_gain":0,"player_choice":"Read","damage_taken":0,"max_hp_gain":0,"max_hp_loss":0,"event_name":"The Library","floor":31,"gold_loss":0,"cards_obtained":["SignatureMove"]},{"cards_removed":["Defend_P"],"damage_healed":0,"gold_gain":0,"player_choice":"Purged","damage_taken":0,"max_hp_gain":0,"max_hp_loss":0,"event_name":"Purifier","floor":36,"gold_loss":0},{"damage_healed":0,"gold_gain":0,"player_choice":"Ignored","damage_taken":0,"max_hp_gain":0,"max_hp_loss":0,"event_name":"Mysterious Sphere","floor":45,"gold_loss":0}],"is_beta":false,"boss_relics":[{"not_picked":["Runic Dome","SlaversCollar"],"picked":"Busted Crown"},{"not_picked":["Black Star","Velvet Choker"],"picked":"Calling Bell"}],"items_purged_floors":[5,22,39],"is_endless":false,"potions_floor_spawned":[1,6,14,18,25,28,33,35,47],"ascension_level":17}