{"gold_per_floor":[109,124,135,135,135,135,160,200,200,219,219,240,274,254,254,350,350,371,371,394,67,67,67,88,88,136,172,172,172,95,129,141,252,264,296,127,145,37,37,37,81,81,81,99,113,154,177,177,177,177],"floor_reached":51,"playtime":3059,"items_purged":["Strike_P","Strike_P"],"score":1886,"play_id":"b38f7765-dfa9-4ffe-a0ea-35fa6d6041f0","local_time":"20230912002458","is_ascension_mode":true,"campfire_choices":[{"data":"ForeignInfluence","floor":6,"key":"SMITH"},{"data":"EmptyFist","floor":11,"key":"SMITH"},{"data":"ReachHeaven","floor":15,"key":"SMITH"},{"data":"MasterReality","floor":23,"key":"SMITH"},{"floor":25,"key":"REST"},{"data":"Prostrate","floor":28,"key":"SMITH"},{"data":"Adaptation","floor":32,"key":"SMITH"},{"data":"Tantrum","floor":40,"key":"SMITH"},{"data":"TalkToTheHand","floor":42,"key":"SMITH"},{"data":"SpiritShield","floor":49,"key":"SMITH"}],"neow_cost":"PERCENT_DAMAGE","seed_source_timestamp":169458385924000,"circlet_count":0,"master_deck":["AscendersBane","Strike_P+1","Defend_P","Defend_P+1","Eruption+1","Vigilance+1","ForeignInfluence+1","CutThroughFate+1","DeceiveReality","Indignation+1","SashWhip+1","EmptyFist+1","EmptyBody+1","ReachHeaven+1","FearNoEvil","Devotion+1","ThirdEye+1","Meditate","MasterReality+1","Prostrate+1","Adaptation+1","SpiritShield+1","Tantrum+1","TalkToTheHand+1"],"relics":["PureWater","Golden Idol","Bottled Flame","Calipers","Dead Branch","Philosopher\u0027s Stone","MutagenicStrength","Anchor","Art of War","FossilizedHelix","MealTicket","MawBank","VioletLotus","Darkstone Periapt","Akabeko","Eternal Feather"],"potions_floor_usage":[13,16,20,33,50],"damage_taken":[{"damage":3,"enemies":"Small Slimes","floor":1,"turns":3},{"damage":0,"enemies":"2 Louse","floor":2,"turns":1},{"damage":0,"enemies":"Cultist","floor":3,"turns":4},{"damage":5,"enemies":"Large Slime","floor":7,"turns":5},{"damage":0,"enemies":"Gremlin Nob","floor":8,"turns":2},{"damage":0,"enemies":"Blue Slaver","floor":10,"turns":1},{"damage":0,"enemies":"Lots of Slimes","floor":12,"turns":4},{"damage":0,"enemies":"3 Sentries","floor":13,"turns":2},{"damage":17,"enemies":"Hexaghost","floor":16,"turns":6},{"damage":0,"enemies":"Chosen","floor":18,"turns":2},{"damage":13,"enemies":"3 Byrds","floor":20,"turns":4},{"damage":20,"enemies":"Centurion and Healer","floor":24,"turns":3},{"damage":20,"enemies":"Slavers","floor":27,"turns":4},{"damage":0,"enemies":"Gremlin Leader","floor":31,"turns":5},{"damage":0,"enemies":"Automaton","floor":33,"turns":4},{"damage":0,"enemies":"3 Shapes","floor":35,"turns":5},{"damage":0,"enemies":"3 Darklings","floor":37,"turns":4},{"damage":0,"enemies":"Giant Head","floor":41,"turns":5},{"damage":0,"enemies":"4 Shapes","floor":44,"turns":5},{"damage":0,"enemies":"Transient","floor":45,"turns":6},{"damage":0,"enemies":"Reptomancer","floor":46,"turns":5},{"damage":5,"enemies":"Writhing Mass","floor":47,"turns":4},{"damage":40,"enemies":"Time Eater","floor":50,"turns":7}],"seed_played":"-7840182652196889159","potions_obtained":[{"floor":8,"key":"Ancient Potion"},{"floor":10,"key":"ColorlessPotion"},{"floor":13,"key":"Dexterity Potion"},{"floor":14,"key":"AttackPotion"},{"floor":16,"key":"Explosive Potion"},{"floor":24,"key":"StancePotion"}],"is_trial":false,"path_per_floor":["M","M","M","?","?","R","M","E","T","M","R","M","E","?","R","B",null,"M","?","M","$","?","R","M","R","T","E","R","T","$","E","R","B",null,"M","$","M","$","?","R","E","R","T","M","M","E","M","?","R","B",null],"character_chosen":"WATCHER","items_purchased":["MasterReality","Anchor","Adaptation","TalkToTheHand","CultistPotion"],"campfire_rested":1,"item_purchase_floors":[21,21,30,36,38],"current_hp_per_floor":[40,40,40,40,40,40,35,35,35,35,35,35,35,35,35,18,51,51,51,38,38,38,38,18,36,36,16,16,16,31,31,31,31,54,54,62,62,62,53,53,53,53,53,53,53,53,48,48,60,20],"gold":177,"neow_bonus":"TRANSFORM_TWO_CARDS","is_prod":false,"is_daily":false,"chose_seed":false,"campfire_upgraded":9,"win_rate":0,"timestamp":1694503498,"path_taken":["M","M","M","?","?","R","M","E","T","M","R","M","E","?","R","BOSS","M","?","M","$","?","R","M","R","T","E","R","?","$","E","R","BOSS","M","$","?","$","?","R","E","R","T","?","M","E","M","?","R","BOSS"],"build_version":"2022-12-18","purchased_purges":2,"victory":true,"max_hp_per_floor":[68,68,68,62,62,62,62,62,62,62,62,62,62,62,62,62,62,62,62,62,62,62,62,62,62,62,62,62,62,62,62,62,62,62,62,62,62,62,62,62,62,62,62,62,62,62,62,62,62,62],"card_choices":[{"not_picked":["ClearTheMind","JustLucky"],"picked":"CutThroughFate","floor":1},{"not_picked":["PathToVictory","Swivel"],"picked":"DeceiveReality","floor":2},{"not_picked":["FlyingSleeves","Study"],"picked":"Indignation","floor":3},{"not_picked":["Prostrate","SandsOfTime"],"picked":"EmptyFist","floor":7},{"not_picked":["PathToVictory","Establishment","Prostrate"],"picked":"SKIP","floor":8},{"not_picked":["Prostrate","FlyingSleeves"],"picked":"EmptyBody","floor":10},{"not_picked":["EmptyFist","Perseverance"],"picked":"ReachHeaven","floor":12},{"not_picked":["WindmillStrike","EmptyFist"],"picked":"FearNoEvil","floor":13},{"not_picked":["Brilliance","Omniscience"],"picked":"Devotion","floor":16},{"not_picked":["FollowUp","JustLucky"],"picked":"ThirdEye","floor":18},{"not_picked":["Crescendo","SignatureMove"],"picked":"Meditate","floor":20},{"not_picked":["FlyingSleeves","BowlingBash","SashWhip"],"picked":"SKIP","floor":24},{"not_picked":["FollowUp","BattleHymn"],"picked":"Prostrate","floor":27},{"not_picked":["EmptyMind","Protect","EmptyBody"],"picked":"SKIP","floor":31},{"not_picked":["Devotion","Ragnarok"],"picked":"SpiritShield","floor":33},{"not_picked":["Vengeance","Evaluate+1"],"picked":"Tantrum","floor":35},{"not_picked":["Indignation","CrushJoints","EmptyFist"],"picked":"SKIP","floor":37},{"not_picked":["BattleHymn+1","Perseverance","WreathOfFlame"],"picked":"SKIP","floor":41},{"not_picked":["Collect","BattleHymn","Pray"],"picked":"SKIP","floor":44},{"not_picked":["Prostrate+1","Protect","FlurryOfBlows"],"picked":"SKIP","floor":45},{"not_picked":["BattleHymn","Blasphemy","BowlingBash"],"picked":"SKIP","floor":46},{"not_picked":["CrushJoints","EmptyBody","FollowUp"],"picked":"SKIP","floor":47}],"player_experience":556175,"relics_obtained":[{"floor":8,"key":"Bottled Flame"},{"floor":9,"key":"Calipers"},{"floor":13,"key":"Dead Branch"},{"floor":26,"key":"Art of War"},{"floor":27,"key":"FossilizedHelix"},{"floor":29,"key":"MealTicket"},{"floor":31,"key":"MawBank"},{"floor":41,"key":"Darkstone Periapt"},{"floor":43,"key":"Akabeko"},{"floor":46,"key":"Eternal Feather"}],"event_choices":[{"damage_healed":0,"gold_gain":0,"player_choice":"Lose Max HP","damage_taken":0,"relics_obtained":["Golden Idol"],"max_hp_gain":0,"max_hp_loss":6,"event_name":"Golden Idol","floor":4,"gold_loss":0},{"damage_healed":0,"gold_gain":0,"cards_transformed":["Defend_P"],"player_choice":"Change","damage_taken":0,"max_hp_gain":0,"max_hp_loss":0,"event_name":"Living Wall","floor":5,"gold_loss":0,"cards_obtained":["SashWhip"]},{"damage_healed":0,"gold_gain":0,"player_choice":"Bought 1 Potion","damage_taken":0,"max_hp_gain":0,"max_hp_loss":0,"event_name":"The Woman in Blue","floor":14,"gold_loss":0},{"damage_healed":0,"gold_gain":0,"player_choice":"Inject Mutagens","damage_taken":0,"relics_obtained":["MutagenicStrength"],"max_hp_gain":0,"max_hp_loss":0,"event_name":"Drug Dealer","floor":19,"gold_loss":0},{"damage_healed":0,"gold_gain":0,"player_choice":"Ignored","damage_taken":0,"max_hp_gain":0,"max_hp_loss":0,"event_name":"Vampires","floor":22,"gold_loss":0},{"damage_healed":0,"gold_gain":0,"player_choice":"Damaged","damage_taken":9,"max_hp_gain":0,"max_hp_loss":0,"event_name":"Wheel of Change","floor":39,"gold_loss":0},{"cards_removed":["LessonLearned"],"damage_healed":0,"gold_gain":0,"player_choice":"Removed Attack","damage_taken":0,"max_hp_gain":0,"max_hp_loss":0,"event_name":"Falling","floor":48,"gold_loss":0}],"is_beta":false,"boss_relics":[{"not_picked":["HolyWater","Ectoplasm"],"picked":"Philosopher\u0027s Stone"},{"not_picked":["Busted Crown","Snecko Eye"],"picked":"VioletLotus"}],"items_purged_floors":[21,36],"is_endless":false,"potions_floor_spawned":[8,10,12,13,16,18,24,41,44,45,47],"ascension_level":19}