{"gold_per_floor":[360,371,296,309,325,325,341,341,364,382,410,410,410,429,429,552,552,566,481,499,499],"floor_reached":21,"playtime":847,"items_purged":["Defend_P"],"score":192,"play_id":"1eff9f8c-55c8-450c-a78e-26ca8e345818","local_time":"20230910020430","is_ascension_mode":true,"campfire_choices":[{"data":"Eruption","floor":6,"key":"SMITH"},{"data":"Vigilance","floor":8,"key":"SMITH"},{"floor":13,"key":"REST"},{"data":"Adaptation","floor":15,"key":"SMITH"}],"neow_cost":"PERCENT_DAMAGE","seed_source_timestamp":4847720366600,"circlet_count":0,"master_deck":["Strike_P","Strike_P","Strike_P","Strike_P","Defend_P","Defend_P","Defend_P","Eruption+1","Vigilance+1","WreathOfFlame","Adaptation+1"],"relics":["PureWater","Vajra","Art of War","Golden Idol","Philosopher\u0027s Stone","MealTicket"],"potions_floor_usage":[7,11,20],"damage_taken":[{"damage":0,"enemies":"Small Slimes","floor":1,"turns":2},{"damage":1,"enemies":"Jaw Worm","floor":2,"turns":7},{"damage":0,"enemies":"Cultist","floor":4,"turns":4},{"damage":12,"enemies":"3 Louse","floor":5,"turns":3},{"damage":2,"enemies":"Lots of Slimes","floor":7,"turns":3},{"damage":5,"enemies":"Looter","floor":10,"turns":3},{"damage":2,"enemies":"Lagavulin","floor":11,"turns":7},{"damage":0,"enemies":"Large Slime","floor":14,"turns":3},{"damage":26,"enemies":"The Guardian","floor":16,"turns":13},{"damage":16,"enemies":"Shell Parasite","floor":18,"turns":5},{"damage":0,"enemies":"3 Byrds","floor":20,"turns":4},{"damage":30,"enemies":"Shelled Parasite and Fungi","floor":21,"turns":3}],"seed_played":"-2065164442742643553","potions_obtained":[{"floor":1,"key":"Block Potion"},{"floor":2,"key":"PowerPotion"},{"floor":10,"key":"FearPotion"},{"floor":14,"key":"ColorlessPotion"},{"floor":16,"key":"Energy Potion"}],"is_trial":false,"path_per_floor":["M","M","$","M","M","R","M","R","T","M","E","?","R","M","R","B",null,"M","?","M","M"],"character_chosen":"WATCHER","items_purchased":[],"campfire_rested":1,"item_purchase_floors":[],"current_hp_per_floor":[51,50,50,50,38,38,36,36,36,31,29,11,32,32,32,6,72,56,56,56,26],"gold":499,"neow_bonus":"TWO_FIFTY_GOLD","is_prod":false,"is_daily":false,"chose_seed":false,"campfire_upgraded":3,"win_rate":0,"timestamp":1694336670,"path_taken":["M","M","$","M","M","R","M","R","T","M","E","?","R","M","R","BOSS","M","?","M","M"],"build_version":"2022-12-18","purchased_purges":1,"victory":false,"max_hp_per_floor":[72,72,72,72,72,72,72,72,72,72,72,72,72,72,72,72,72,72,72,72,72],"card_choices":[{"not_picked":["Collect","FlyingSleeves","Wallop"],"picked":"SKIP","floor":1},{"not_picked":["CrushJoints","EmptyFist"],"picked":"WreathOfFlame","floor":2},{"not_picked":["WindmillStrike","ForeignInfluence","FollowUp"],"picked":"SKIP","floor":4},{"not_picked":["InnerPeace","ClearTheMind","Crescendo"],"picked":"SKIP","floor":5},{"not_picked":["DeceiveReality","BattleHymn","Weave"],"picked":"SKIP","floor":7},{"not_picked":["Brilliance","EmptyBody","Crescendo"],"picked":"SKIP","floor":10},{"not_picked":["PathToVictory","Crescendo"],"picked":"Adaptation","floor":11},{"not_picked":["Pray","Swivel","FlyingSleeves"],"picked":"SKIP","floor":14},{"not_picked":["PathToVictory","BattleHymn","Protect"],"picked":"SKIP","floor":18},{"not_picked":["FlurryOfBlows+1","Pray","Fasting2"],"picked":"SKIP","floor":20}],"player_experience":533759,"relics_obtained":[{"floor":9,"key":"Vajra"},{"floor":11,"key":"Art of War"}],"event_choices":[{"damage_healed":0,"gold_gain":0,"player_choice":"Take Damage","damage_taken":18,"relics_obtained":["Golden Idol"],"max_hp_gain":0,"max_hp_loss":0,"event_name":"Golden Idol","floor":12,"gold_loss":0},{"damage_healed":0,"gold_gain":0,"player_choice":"Obtained Relic","damage_taken":0,"relics_obtained":["MealTicket"],"max_hp_gain":0,"max_hp_loss":0,"event_name":"Addict","floor":19,"gold_loss":85}],"is_beta":false,"boss_relics":[{"not_picked":["SlaversCollar","Busted Crown"],"picked":"Philosopher\u0027s Stone"}],"items_purged_floors":[3],"is_endless":false,"potions_floor_spawned":[1,2,10,14,16],"killed_by":"Shelled Parasite and Fungi","ascension_level":1}