{"gold_per_floor":[110,121,271,271,26,26,57,77,77,77,77,77,91,111,111,183,183,203,403,418,429,45,45,80,91,91,101,120,120,154,154,154,154],"floor_reached":33,"playtime":1420,"items_purged":["Doubt","Strike_P"],"score":724,"play_id":"03884c61-64c1-4488-a89f-0a6a375fb6f0","local_time":"20230914214116","is_ascension_mode":true,"campfire_choices":[{"data":"Eruption","floor":6,"key":"SMITH"},{"data":"Prostrate","floor":11,"key":"SMITH"},{"data":"BattleHymn","floor":15,"key":"SMITH"},{"floor":23,"key":"REST"},{"data":"Prostrate","floor":29,"key":"SMITH"},{"floor":32,"key":"REST"}],"neow_cost":"PERCENT_DAMAGE","seed_source_timestamp":96461911035400,"circlet_count":0,"master_deck":["AscendersBane","Strike_P","Strike_P+1","Strike_P","Defend_P","Defend_P","Eruption+1","Vigilance","JustLucky","Pray","Prostrate+1","Prostrate+1","CarveReality","MentalFortress","Meditate","CrushJoints","BattleHymn+1","Scrawl","TalkToTheHand+1","Prostrate+1","EmptyMind+1","LikeWater"],"relics":["PureWater","Dead Branch","Ice Cream","Black Star","HornCleat","Whetstone","Blood Vial","StrikeDummy","Singing Bowl","Du-Vu Doll","PreservedInsect"],"potions_floor_usage":[13,18,21,28,33],"damage_taken":[{"damage":0,"enemies":"2 Louse","floor":1,"turns":2},{"damage":10,"enemies":"Small Slimes","floor":2,"turns":2},{"damage":9,"enemies":"Lagavulin","floor":7,"turns":5},{"damage":8,"enemies":"Jaw Worm","floor":8,"turns":2},{"damage":2,"enemies":"3 Louse","floor":13,"turns":2},{"damage":7,"enemies":"Looter","floor":14,"turns":3},{"damage":0,"enemies":"Hexaghost","floor":16,"turns":5},{"damage":36,"enemies":"Chosen","floor":18,"turns":5},{"damage":1,"enemies":"Spheric Guardian","floor":20,"turns":4},{"damage":7,"enemies":"Snake Plant","floor":21,"turns":5},{"damage":25,"enemies":"Slavers","floor":24,"turns":3},{"damage":0,"enemies":"Centurion and Healer","floor":25,"turns":3},{"damage":0,"enemies":"Snecko","floor":27,"turns":4},{"damage":7,"enemies":"Snake Plant","floor":28,"turns":3},{"damage":0,"enemies":"Book of Stabbing","floor":30,"turns":3},{"damage":35,"enemies":"Automaton","floor":33,"turns":6}],"seed_played":"2153152998028617500","potions_obtained":[{"floor":7,"key":"FearPotion"},{"floor":8,"key":"PowerPotion"},{"floor":14,"key":"Swift Potion"},{"floor":21,"key":"SneckoOil"},{"floor":27,"key":"SmokeBomb"},{"floor":28,"key":"StancePotion"}],"is_trial":false,"path_per_floor":["M","M","?","?","$","R","E","M","T","$","R","?","M","M","R","B",null,"M","?","M","M","$","R","E","M","T","M","M","R","E","?","R","B"],"character_chosen":"WATCHER","items_purchased":["CarveReality","MentalFortress","HornCleat"],"campfire_rested":2,"item_purchase_floors":[5,5,22],"current_hp_per_floor":[43,33,33,33,33,33,24,16,16,16,16,16,14,7,7,7,53,17,17,16,9,9,29,4,6,6,8,3,3,7,7,28,0],"gold":154,"neow_bonus":"TRANSFORM_TWO_CARDS","is_prod":false,"is_daily":false,"chose_seed":false,"campfire_upgraded":4,"win_rate":0,"timestamp":1694752876,"path_taken":["M","M","?","?","$","R","E","M","T","?","R","?","M","M","R","BOSS","M","?","?","M","?","R","E","M","T","M","?","R","E","?","R","BOSS"],"build_version":"2022-12-18","purchased_purges":2,"victory":false,"max_hp_per_floor":[68,68,68,68,68,68,68,68,68,68,68,68,68,68,68,68,68,68,68,68,68,68,68,68,68,68,68,68,68,70,70,70,70],"card_choices":[{"not_picked":["Crescendo","FollowUp"],"picked":"Prostrate","floor":1},{"not_picked":["PathToVictory","Nirvana"],"picked":"Prostrate","floor":2},{"not_picked":["JustLucky","FlurryOfBlows"],"picked":"Meditate","floor":7},{"not_picked":["FollowUp","SashWhip","FlurryOfBlows"],"picked":"SKIP","floor":8},{"not_picked":["Weave","ForeignInfluence"],"picked":"CrushJoints","floor":13},{"not_picked":["EmptyBody","Adaptation"],"picked":"BattleHymn","floor":14},{"not_picked":["Brilliance","Ragnarok"],"picked":"Scrawl","floor":16},{"not_picked":["Pray","FollowUp"],"picked":"TalkToTheHand","floor":18},{"not_picked":["FollowUp","Collect"],"picked":"Prostrate","floor":20},{"not_picked":["SashWhip","Crescendo","FlurryOfBlows"],"picked":"SKIP","floor":21},{"not_picked":["FearNoEvil","WaveOfTheHand","Wireheading"],"picked":"SKIP","floor":24},{"not_picked":["PathToVictory","Halt"],"picked":"EmptyMind+1","floor":25},{"not_picked":["Halt","FearNoEvil","JustLucky"],"picked":"SKIP","floor":27},{"not_picked":["Halt+1","JustLucky"],"picked":"LikeWater","floor":28},{"not_picked":["CutThroughFate","Prostrate","DeusExMachina"],"picked":"Singing Bowl","floor":30}],"player_experience":601211,"relics_obtained":[{"floor":7,"key":"Dead Branch"},{"floor":9,"key":"Ice Cream"},{"floor":24,"key":"Whetstone"},{"floor":24,"key":"Blood Vial"},{"floor":26,"key":"StrikeDummy"},{"floor":30,"key":"Singing Bowl"},{"floor":30,"key":"Du-Vu Doll"}],"event_choices":[{"damage_healed":0,"gold_gain":150,"player_choice":"AGREE","damage_taken":0,"max_hp_gain":0,"max_hp_loss":0,"event_name":"Liars Game","floor":3,"gold_loss":0,"cards_obtained":["Doubt"]},{"damage_healed":0,"gold_gain":0,"player_choice":"Fled","damage_taken":0,"max_hp_gain":0,"max_hp_loss":0,"event_name":"Scrap Ooze","floor":4,"gold_loss":0},{"damage_healed":0,"gold_gain":0,"player_choice":"Grow","damage_taken":0,"max_hp_gain":0,"max_hp_loss":0,"event_name":"Living Wall","floor":12,"gold_loss":0,"cards_upgraded":["Prostrate"]},{"damage_healed":0,"gold_gain":200,"player_choice":"Gold","damage_taken":0,"max_hp_gain":0,"max_hp_loss":0,"event_name":"Wheel of Change","floor":19,"gold_loss":0},{"damage_healed":0,"gold_gain":0,"player_choice":"Gave Potion","damage_taken":0,"relics_obtained":["PreservedInsect"],"max_hp_gain":0,"max_hp_loss":0,"event_name":"WeMeetAgain","floor":31,"gold_loss":0}],"is_beta":false,"boss_relics":[{"not_picked":["Busted Crown","SacredBark"],"picked":"Black Star"}],"items_purged_floors":[5,22],"is_endless":false,"potions_floor_spawned":[7,8,14,21,27,28,30],"killed_by":"Automaton","ascension_level":20}