{"gold_per_floor":[110,110,110,110,21,51,71,106,106,131,131,148,148,183,183,258,258,274,199,199,10,22,22,22,22,22,47,47,58,75,101,101,180,180,194,210,210,265,265,296,51,51,51,83,100,100,100],"floor_reached":47,"playtime":1690,"items_purged":[],"score":1420,"play_id":"85fa44dc-f5cf-4142-99e6-71270f3501c6","local_time":"20230914194134","is_ascension_mode":true,"campfire_choices":[{"data":"Consecrate","floor":11.0,"key":"SMITH"},{"data":"ThirdEye","floor":13.0,"key":"SMITH"},{"data":"CutThroughFate","floor":15.0,"key":"SMITH"},{"data":"Blasphemy","floor":23.0,"key":"SMITH"},{"data":"Vigilance","floor":25.0,"key":"SMITH"},{"data":"Tantrum","floor":32.0,"key":"SMITH"},{"data":"Ghostly","floor":42.0,"key":"SMITH"},{"data":"TalkToTheHand","floor":46,"key":"SMITH"}],"neow_cost":"NONE","seed_source_timestamp":88930991024300,"circlet_count":0,"master_deck":["AscendersBane","Strike_P+1","Strike_P+1","Strike_P+1","Defend_P+1","Defend_P+1","Eruption+1","Vigilance+1","CutThroughFate+1","ReachHeaven+1","Consecrate+1","JustLucky","Tantrum+1","ThirdEye+1","Halt","Blasphemy+1","EmptyBody","Master of Strategy","TalkToTheHand+1","Ghostly+1","Ghostly+1","Ghostly+1","CutThroughFate","LessonLearned","Indignation","EmptyFist"],"special_seed":0,"relics":["PureWater","NeowsBlessing","Matryoshka","Bag of Preparation","Yang","Bag of Marbles","Toy Ornithopter","Art of War","Whetstone","Busted Crown","MutagenicStrength","Akabeko","Regal Pillow","Gambling Chip","Coffee Dripper","TungstenRod","Pear","Happy Flower","Lee\u0027s Waffle","Darkstone Periapt"],"potions_floor_usage":[],"damage_taken":[{"damage":0.0,"enemies":"Small Slimes","floor":1.0,"turns":1.0},{"damage":0.0,"enemies":"Lagavulin","floor":6.0,"turns":1.0},{"damage":0.0,"enemies":"Jaw Worm","floor":7.0,"turns":1.0},{"damage":0.0,"enemies":"3 Sentries","floor":8.0,"turns":2.0},{"damage":0.0,"enemies":"2 Louse","floor":12.0,"turns":1.0},{"damage":14.0,"enemies":"Lagavulin","floor":14.0,"turns":4.0},{"damage":0.0,"enemies":"Slime Boss","floor":16.0,"turns":4.0},{"damage":10.0,"enemies":"Shell Parasite","floor":18.0,"turns":5.0},{"damage":0.0,"enemies":"Chosen","floor":22.0,"turns":3.0},{"damage":0.0,"enemies":"Slavers","floor":27.0,"turns":1.0},{"damage":0.0,"enemies":"Snake Plant","floor":29.0,"turns":1.0},{"damage":0.0,"enemies":"Chosen and Byrds","floor":30.0,"turns":1.0},{"damage":0.0,"enemies":"Book of Stabbing","floor":31.0,"turns":1.0},{"damage":3.0,"enemies":"Automaton","floor":33.0,"turns":4.0},{"damage":0.0,"enemies":"3 Shapes","floor":35.0,"turns":2.0},{"damage":0.0,"enemies":"3 Darklings","floor":36.0,"turns":1.0},{"damage":0.0,"enemies":"2 Orb Walkers","floor":38.0,"turns":1.0},{"damage":100008.0,"enemies":"Giant Head","floor":40.0,"turns":6.0},{"damage":0,"enemies":"Nemesis","floor":44,"turns":3},{"damage":0,"enemies":"Sphere and 2 Shapes","floor":45,"turns":1},{"damage":99998,"enemies":"Maw","floor":47,"turns":2}],"seed_played":"-9026724188304212161","potions_obtained":[{"floor":7.0,"key":"BlessingOfTheForge"},{"floor":12.0,"key":"SpeedPotion"},{"floor":14.0,"key":"FairyPotion"},{"floor":22.0,"key":"Weak Potion"},{"floor":30.0,"key":"Energy Potion"},{"floor":38.0,"key":"GamblersBrew"},{"floor":40.0,"key":"Dexterity Potion"}],"is_trial":false,"path_per_floor":["M","?","?","?","$","E","M","E","T","T","R","M","R","E","R","B",null,"M","?","?","$","M","R","?","R","T","E","?","M","M","E","R","B",null,"M","M","?","?","?","E","$","R","T","E","M","R","M"],"character_chosen":"WATCHER","items_purchased":["ReachHeaven","Master of Strategy","Lee\u0027s Waffle","Indignation"],"campfire_rested":0,"item_purchase_floors":[5,21,41,41],"current_hp_per_floor":[61,61,41,34,34,34,34,34,34,34,34,34,34,20,20,20,56,46,46,46,46,46,46,46,46,46,46,34,34,34,34,34,31,33,33,33,33,33,43,3,51,51,51,51,51,51,0],"gold":100,"neow_bonus":"THREE_ENEMY_KILL","is_prod":false,"is_daily":false,"chose_seed":false,"campfire_upgraded":8,"win_rate":0,"timestamp":1694745694,"path_taken":["M","?","?","?","$","E","M","E","T","?","R","M","R","E","R","BOSS","M","?","?","$","M","R","?","R","T","E","?","M","?","E","R","BOSS","M","M","?","?","?","E","$","R","T","E","M","R","M"],"build_version":"2022-12-18","purchased_purges":0,"victory":false,"max_hp_per_floor":[68,68,68,68,68,68,68,68,68,68,68,68,68,68,68,68,68,68,68,68,68,68,68,68,68,68,68,34,34,34,34,34,34,34,34,34,34,34,44,44,51,51,51,51,51,51,51],"card_choices":[{"not_picked":["CrushJoints","FlyingSleeves"],"picked":"CutThroughFate","floor":1.0},{"not_picked":["Study","SashWhip"],"picked":"Consecrate","floor":6.0},{"not_picked":["WindmillStrike","PathToVictory"],"picked":"JustLucky","floor":7.0},{"not_picked":["EmptyBody","BowlingBash"],"picked":"Tantrum","floor":8.0},{"not_picked":["WreathOfFlame","FlurryOfBlows"],"picked":"ThirdEye","floor":12.0},{"not_picked":["Alpha","WheelKick"],"picked":"Halt","floor":14.0},{"not_picked":["ConjureBlade","Brilliance"],"picked":"Blasphemy","floor":16.0},{"not_picked":[],"picked":"EmptyBody","floor":18.0},{"not_picked":[],"picked":"TalkToTheHand","floor":22.0},{"not_picked":["EmptyBody"],"picked":"SKIP","floor":27.0},{"not_picked":["ClearTheMind"],"picked":"SKIP","floor":29.0},{"not_picked":["LikeWater"],"picked":"SKIP","floor":30.0},{"not_picked":[],"picked":"CutThroughFate","floor":31.0},{"not_picked":[],"picked":"LessonLearned","floor":33.0},{"not_picked":["WreathOfFlame"],"picked":"SKIP","floor":35.0},{"not_picked":["LikeWater"],"picked":"SKIP","floor":36.0},{"not_picked":["EmptyBody"],"picked":"SKIP","floor":40.0},{"not_picked":["CutThroughFate"],"picked":"SKIP","floor":44},{"not_picked":[],"picked":"EmptyFist","floor":45}],"player_experience":593925,"relics_obtained":[{"floor":6.0,"key":"Matryoshka"},{"floor":8.0,"key":"Bag of Preparation"},{"floor":9.0,"key":"Yang"},{"floor":9.0,"key":"Bag of Marbles"},{"floor":10.0,"key":"Toy Ornithopter"},{"floor":10.0,"key":"Art of War"},{"floor":14.0,"key":"Whetstone"},{"floor":26.0,"key":"Akabeko"},{"floor":27.0,"key":"Regal Pillow"},{"floor":31.0,"key":"Gambling Chip"},{"floor":38.0,"key":"TungstenRod"},{"floor":40.0,"key":"Happy Flower"},{"floor":44,"key":"Darkstone Periapt"}],"event_choices":[{"damage_healed":0.0,"max_hp_gain":0.0,"max_hp_loss":0.0,"gold_gain":0.0,"event_name":"Living Wall","player_choice":"Grow","floor":2.0,"gold_loss":0.0,"damage_taken":0.0,"cards_upgraded":["Eruption"]},{"damage_healed":0.0,"max_hp_gain":0.0,"max_hp_loss":0.0,"gold_gain":0.0,"event_name":"Shining Light","player_choice":"Entered Light","floor":3.0,"gold_loss":0.0,"damage_taken":20.0,"cards_upgraded":["Defend_P","Defend_P"]},{"cards_removed":["Defend_P"],"damage_healed":0.0,"max_hp_gain":0.0,"max_hp_loss":0.0,"gold_gain":0.0,"event_name":"Golden Wing","player_choice":"Card Removal","floor":4.0,"gold_loss":0.0,"damage_taken":7.0},{"cards_removed":["Strike_P"],"damage_healed":0.0,"max_hp_gain":0.0,"max_hp_loss":0.0,"gold_gain":0.0,"event_name":"Beggar","player_choice":"Gave Gold","floor":19.0,"gold_loss":75.0,"damage_taken":0.0},{"cards_removed":["Defend_P"],"damage_healed":0.0,"max_hp_gain":0.0,"max_hp_loss":0.0,"gold_gain":0.0,"event_name":"Back to Basics","player_choice":"Elegance","floor":20.0,"gold_loss":0.0,"damage_taken":0.0},{"damage_healed":0.0,"max_hp_gain":0.0,"max_hp_loss":0.0,"gold_gain":0.0,"event_name":"Drug Dealer","player_choice":"Inject Mutagens","floor":24.0,"gold_loss":0.0,"damage_taken":0.0,"relics_obtained":["MutagenicStrength"]},{"damage_healed":0.0,"max_hp_gain":0.0,"max_hp_loss":34.0,"gold_gain":0.0,"event_name":"Ghosts","player_choice":"Became a Ghost","floor":28.0,"gold_loss":0.0,"damage_taken":0.0,"cards_obtained":["Ghostly","Ghostly","Ghostly"]},{"damage_healed":0.0,"max_hp_gain":0.0,"max_hp_loss":0.0,"gold_gain":0.0,"event_name":"SensoryStone","player_choice":"Memory 1","floor":37.0,"gold_loss":0.0,"damage_taken":0.0},{"damage_healed":0.0,"max_hp_gain":0.0,"max_hp_loss":0.0,"gold_gain":0.0,"event_name":"Mysterious Sphere","player_choice":"Fight","floor":38.0,"gold_loss":0.0,"damage_taken":0.0},{"damage_healed":0.0,"max_hp_gain":0.0,"max_hp_loss":0.0,"gold_gain":0.0,"event_name":"WeMeetAgain","player_choice":"Gave Potion","floor":39.0,"gold_loss":0.0,"damage_taken":0.0,"relics_obtained":["Pear"]}],"is_beta":false,"boss_relics":[{"not_picked":["Astrolabe","Empty Cage"],"picked":"Busted Crown"},{"not_picked":["Velvet Choker","Fusion Hammer"],"picked":"Coffee Dripper"}],"items_purged_floors":[],"is_endless":false,"potions_floor_spawned":[7,12,14,18,22,30,36,38,40],"killed_by":"Maw","ascension_level":20}