{"gold_per_floor":[112,130,80,80,99,99,132,132,186,196,196,196,223,238,238,335,335,351,351,123,137,151,180,180,190,190,209,243,255,255,288,288,387,387,399,418,418,468,482,482,509,509,509,519,519,519,532,78,78,78],"floor_reached":51,"playtime":2050,"items_purged":["Strike_P","Madness"],"score":936,"play_id":"a52607b8-2687-4140-8250-54f8300bb7b8","local_time":"20230913033058","is_ascension_mode":true,"campfire_choices":[{"data":"EmptyFist","floor":6,"key":"SMITH"},{"data":"CrushJoints","floor":8,"key":"SMITH"},{"data":"PathToVictory","floor":11,"key":"SMITH"},{"data":"Protect","floor":15,"key":"SMITH"},{"data":"Prostrate","floor":24,"key":"SMITH"},{"data":"Defend_P","floor":30,"key":"SMITH"},{"floor":32,"key":"REST"},{"data":"SashWhip","floor":40,"key":"SMITH"},{"data":"ClearTheMind","floor":45,"key":"SMITH"},{"floor":49,"key":"REST"}],"neow_cost":"TEN_PERCENT_HP_LOSS","seed_source_timestamp":268034364850200,"circlet_count":0,"master_deck":["Strike_P","Defend_P","Defend_P+1","Defend_P+1","Eruption+1","Vigilance+1","CrushJoints+1","EmptyFist+1","Protect+1","PathToVictory+1","ClearTheMind+1","PathToVictory+1","Prostrate+1","PathToVictory+1","SashWhip+1","SashWhip+1","Evaluate+1","Madness","Evaluate+1","PathToVictory+1"],"relics":["PureWater","War Paint","Damaru","Question Card","Cursed Key","Sling","Bronze Scales","Vajra","Letter Opener","SlaversCollar","CaptainsWheel","Smiling Mask","DollysMirror","Yang"],"potions_floor_usage":[7,13,31,50],"damage_taken":[{"damage":0,"enemies":"Cultist","floor":1,"turns":2},{"damage":0,"enemies":"Jaw Worm","floor":2,"turns":3},{"damage":0,"enemies":"Small Slimes","floor":5,"turns":2},{"damage":2,"enemies":"3 Sentries","floor":7,"turns":7},{"damage":0,"enemies":"Looter","floor":10,"turns":2},{"damage":0,"enemies":"Gremlin Nob","floor":13,"turns":3},{"damage":1,"enemies":"2 Fungi Beasts","floor":14,"turns":2},{"damage":19,"enemies":"Hexaghost","floor":16,"turns":6},{"damage":4,"enemies":"2 Thieves","floor":18,"turns":4},{"damage":8,"enemies":"Spheric Guardian","floor":21,"turns":7},{"damage":0,"enemies":"Centurion and Healer","floor":22,"turns":7},{"damage":0,"enemies":"Gremlin Leader","floor":23,"turns":6},{"damage":15,"enemies":"Snake Plant","floor":25,"turns":3},{"damage":0,"enemies":"Shelled Parasite and Fungi","floor":27,"turns":3},{"damage":0,"enemies":"Book of Stabbing","floor":28,"turns":3},{"damage":7,"enemies":"Cultist and Chosen","floor":29,"turns":4},{"damage":19,"enemies":"Slavers","floor":31,"turns":5},{"damage":21,"enemies":"Champ","floor":33,"turns":7},{"damage":0,"enemies":"3 Darklings","floor":35,"turns":5},{"damage":0,"enemies":"Orb Walker","floor":36,"turns":2},{"damage":0,"enemies":"Mind Bloom Boss Battle","floor":38,"turns":5},{"damage":1,"enemies":"3 Darklings","floor":39,"turns":4},{"damage":21,"enemies":"Nemesis","floor":41,"turns":7},{"damage":1,"enemies":"Sphere and 2 Shapes","floor":44,"turns":6},{"damage":1,"enemies":"4 Shapes","floor":47,"turns":7},{"damage":20,"enemies":"Time Eater","floor":50,"turns":6}],"seed_played":"1270308218967660953","potions_obtained":[{"floor":1,"key":"SpeedPotion"},{"floor":2,"key":"BottledMiracle"},{"floor":13,"key":"Fruit Juice"},{"floor":16,"key":"Strength Potion"},{"floor":18,"key":"LiquidMemories"},{"floor":22,"key":"PowerPotion"},{"floor":28,"key":"SkillPotion"},{"floor":33,"key":"Strength Potion"}],"is_trial":false,"path_per_floor":["M","M","?","?","M","R","E","R","T","M","R","?","E","M","R","B",null,"M","?","$","M","M","E","R","M","T","M","E","M","R","E","R","B",null,"M","M","?","?","M","R","E","?","T","M","R","?","M","$","R","B",null],"character_chosen":"WATCHER","items_purchased":["Sling","DollysMirror","Yang"],"campfire_rested":2,"item_purchase_floors":[20,48,48],"current_hp_per_floor":[65,65,65,65,65,65,63,63,63,63,63,63,68,67,67,48,70,66,66,66,58,58,58,58,43,43,43,43,36,36,17,38,17,70,70,70,61,61,60,60,39,39,39,38,38,38,37,37,58,38],"gold":78,"neow_bonus":"REMOVE_TWO","is_prod":false,"is_daily":false,"chose_seed":false,"campfire_upgraded":8,"win_rate":0,"timestamp":1694601058,"path_taken":["M","M","?","?","M","R","E","R","T","M","R","?","E","M","R","BOSS","M","?","$","M","M","E","R","M","T","M","E","M","R","E","R","BOSS","M","M","?","?","M","R","E","?","T","M","R","?","M","$","R","BOSS"],"build_version":"2022-12-18","purchased_purges":2,"victory":true,"max_hp_per_floor":[65,65,65,65,65,65,65,65,65,65,65,65,70,70,70,70,70,70,70,70,70,70,70,70,70,70,70,70,70,70,70,70,70,70,70,70,70,70,70,70,70,70,70,70,70,70,70,70,70,70],"card_choices":[{"not_picked":["TalkToTheHand","EmptyBody"],"picked":"CrushJoints","floor":1},{"not_picked":["Wireheading","CrushJoints"],"picked":"EmptyFist","floor":2},{"not_picked":["ClearTheMind","Consecrate"],"picked":"Protect","floor":5},{"not_picked":["CarveReality","SashWhip"],"picked":"PathToVictory","floor":7},{"not_picked":["ReachHeaven","Vengeance","WaveOfTheHand"],"picked":"SKIP","floor":10},{"not_picked":["ReachHeaven","Vengeance","WaveOfTheHand"],"picked":"SKIP","floor":10},{"not_picked":["EmptyFist","CarveReality","Brilliance"],"picked":"SKIP","floor":13},{"not_picked":["Wireheading","EmptyFist","Swivel"],"picked":"ClearTheMind","floor":14},{"not_picked":["FlurryOfBlows","FlyingSleeves+1","Tantrum","WindmillStrike"],"picked":"SKIP","floor":18},{"not_picked":["Crescendo","CutThroughFate","BowlingBash"],"picked":"PathToVictory+1","floor":21},{"not_picked":["Tantrum","FollowUp","Nirvana"],"picked":"Prostrate","floor":22},{"not_picked":["EmptyBody","JustLucky","Wireheading","Scrawl"],"picked":"SKIP","floor":23},{"not_picked":["JustLucky","EmptyFist+1","Wireheading"],"picked":"PathToVictory+1","floor":25},{"not_picked":["EmptyFist","Halt","JustLucky"],"picked":"SashWhip","floor":27},{"not_picked":["Meditate","LikeWater","Study"],"picked":"SashWhip+1","floor":28},{"not_picked":["Prostrate","Indignation+1","PathToVictory","Vengeance"],"picked":"SKIP","floor":29},{"not_picked":["BattleHymn","Sanctity","Alpha","PathToVictory"],"picked":"SKIP","floor":31},{"not_picked":["ThirdEye","ClearTheMind+1","EmptyFist+1","ReachHeaven"],"picked":"SKIP","floor":35},{"not_picked":["BowlingBash+1","FlyingSleeves+1","Alpha"],"picked":"Evaluate+1","floor":36},{"not_picked":["BattleHymn","WaveOfTheHand","EmptyBody+1"],"picked":"Evaluate+1","floor":38},{"not_picked":["CrushJoints","ClearTheMind","WreathOfFlame+1","FlyingSleeves"],"picked":"SKIP","floor":39},{"not_picked":["Wish","WreathOfFlame","MentalFortress+1","Conclude+1"],"picked":"SKIP","floor":41},{"not_picked":["Evaluate","FlyingSleeves+1","Crescendo+1","FearNoEvil+1"],"picked":"SKIP","floor":44},{"not_picked":["SignatureMove+1","FlyingSleeves","Protect","Halt"],"picked":"SKIP","floor":47}],"player_experience":571825,"relics_obtained":[{"floor":7,"key":"War Paint"},{"floor":9,"key":"Damaru"},{"floor":13,"key":"Question Card"},{"floor":23,"key":"Bronze Scales"},{"floor":28,"key":"Vajra"},{"floor":31,"key":"Letter Opener"},{"floor":38,"key":"CaptainsWheel"},{"floor":41,"key":"Smiling Mask"}],"event_choices":[{"cards_removed":["Strike_P"],"damage_healed":0,"gold_gain":0,"player_choice":"Card Removal","damage_taken":0,"max_hp_gain":0,"max_hp_loss":0,"event_name":"The Cleric","floor":3,"gold_loss":50},{"damage_healed":0,"gold_gain":0,"player_choice":"Grow","damage_taken":0,"max_hp_gain":0,"max_hp_loss":0,"event_name":"Living Wall","floor":4,"gold_loss":0,"cards_upgraded":["Eruption"]},{"damage_healed":0,"gold_gain":0,"player_choice":"Ignored","damage_taken":0,"max_hp_gain":0,"max_hp_loss":0,"event_name":"Liars Game","floor":12,"gold_loss":0},{"damage_healed":0,"gold_gain":0,"player_choice":"Ignored","damage_taken":0,"max_hp_gain":0,"max_hp_loss":0,"event_name":"Vampires","floor":19,"gold_loss":0},{"damage_healed":0,"gold_gain":0,"player_choice":"Embrace Madness","damage_taken":9,"max_hp_gain":0,"max_hp_loss":0,"event_name":"Winding Halls","floor":37,"gold_loss":0,"cards_obtained":["Madness","Madness"]},{"damage_healed":0,"gold_gain":0,"player_choice":"Fight","damage_taken":0,"max_hp_gain":0,"max_hp_loss":0,"event_name":"MindBloom","floor":38,"gold_loss":0},{"damage_healed":0,"gold_gain":0,"player_choice":"Ignored","damage_taken":0,"max_hp_gain":0,"max_hp_loss":0,"event_name":"Mysterious Sphere","floor":42,"gold_loss":0},{"damage_healed":0,"gold_gain":0,"player_choice":"Memory 1","damage_taken":0,"max_hp_gain":0,"max_hp_loss":0,"event_name":"SensoryStone","floor":46,"gold_loss":0}],"is_beta":false,"boss_relics":[{"not_picked":["HolyWater","Tiny House"],"picked":"Cursed Key"},{"not_picked":["Runic Dome","Coffee Dripper"],"picked":"SlaversCollar"}],"items_purged_floors":[20,48],"is_endless":false,"potions_floor_spawned":[1,2,13,16,18,22,28,29,33,35,36,41],"ascension_level":1}