{"gold_per_floor":[12,23,43,43,43,43,58,58,81,81,81,96,129,143,143,236,236,251,137,137,150,130,130,169,169,193,234,259,259,279,279,279,279],"floor_reached":33,"playtime":1390,"items_purged":["Strike_P"],"score":630,"play_id":"8829d30d-74a5-4356-af73-3e39969f4328","local_time":"20230914211727","is_ascension_mode":true,"campfire_choices":[{"data":"Eruption","floor":6.0,"key":"SMITH"},{"data":"Vault","floor":8.0,"key":"SMITH"},{"data":"EmptyFist","floor":15.0,"key":"SMITH"},{"floor":23.0,"key":"REST"},{"floor":25.0,"key":"REST"},{"floor":32,"key":"REST"}],"neow_cost":"NO_GOLD","seed_source_timestamp":95036159076200,"circlet_count":0,"master_deck":["AscendersBane","Strike_P+1","Strike_P+1","Strike_P+1","Defend_P+1","Eruption+1","Vigilance","Vault+1","EmptyFist+1","CrushJoints","Consecrate+1","EmptyBody","TalkToTheHand+1","LessonLearned","Ragnarok","LikeWater","ReachHeaven","ThirdEye","EmptyMind+1","Indignation"],"special_seed":0,"relics":["PureWater","Juzu Bracelet","Oddly Smooth Stone","Golden Idol","Whetstone","Fusion Hammer","PreservedInsect","Smiling Mask","Red Mask","Meat on the Bone"],"potions_floor_usage":[30],"damage_taken":[{"damage":0.0,"enemies":"Cultist","floor":1.0,"turns":3.0},{"damage":2.0,"enemies":"Jaw Worm","floor":2.0,"turns":3.0},{"damage":3.0,"enemies":"Small Slimes","floor":3.0,"turns":2.0},{"damage":9.0,"enemies":"Gremlin Gang","floor":7.0,"turns":4.0},{"damage":2.0,"enemies":"3 Louse","floor":12.0,"turns":3.0},{"damage":13.0,"enemies":"3 Sentries","floor":13.0,"turns":4.0},{"damage":7.0,"enemies":"Exordium Thugs","floor":14.0,"turns":4.0},{"damage":0.0,"enemies":"Slime Boss","floor":16.0,"turns":3.0},{"damage":24.0,"enemies":"3 Byrds","floor":18.0,"turns":6.0},{"damage":3.0,"enemies":"Chosen","floor":21.0,"turns":4.0},{"damage":25.0,"enemies":"Gremlin Leader","floor":24.0,"turns":6.0},{"damage":0,"enemies":"Masked Bandits","floor":27,"turns":3},{"damage":14,"enemies":"Snake Plant","floor":28,"turns":5},{"damage":10,"enemies":"Sentry and Sphere","floor":30,"turns":4},{"damage":55,"enemies":"Automaton","floor":33,"turns":6}],"seed_played":"-8900573765969156975","potions_obtained":[{"floor":1.0,"key":"Strength Potion"},{"floor":2.0,"key":"SkillPotion"},{"floor":3.0,"key":"BottledMiracle"},{"floor":13.0,"key":"SpeedPotion"},{"floor":18.0,"key":"Block Potion"},{"floor":22.0,"key":"CultistPotion"},{"floor":27,"key":"AttackPotion"},{"floor":28,"key":"DuplicationPotion"}],"is_trial":false,"path_per_floor":["M","M","M","?","?","R","M","R","T","?","?","M","E","M","R","B",null,"M","$","?","M","?","R","E","R","T","?","M","?","M","T","R","B"],"character_chosen":"WATCHER","items_purchased":["ReachHeaven"],"campfire_rested":3,"item_purchase_floors":[19],"current_hp_per_floor":[61,59,56,56,56,56,47,47,47,47,47,45,32,25,25,25,53,29,29,29,26,26,44,19,37,37,37,23,23,13,13,31,0],"gold":279,"neow_bonus":"THREE_RARE_CARDS","is_prod":false,"is_daily":false,"chose_seed":false,"campfire_upgraded":3,"win_rate":0,"timestamp":1694751447,"path_taken":["M","M","M","?","?","R","M","R","T","?","?","M","E","M","R","BOSS","M","$","?","M","?","R","E","R","T","?","M","?","M","?","R","BOSS"],"build_version":"2022-12-18","purchased_purges":1,"victory":false,"max_hp_per_floor":[68,68,68,68,68,68,68,68,68,62,62,62,62,62,62,62,62,62,62,62,62,62,62,62,62,62,62,62,62,62,62,62,62],"card_choices":[{"not_picked":["Devotion","Ragnarok"],"picked":"Vault","floor":0.0},{"not_picked":["Perseverance","InnerPeace"],"picked":"EmptyFist","floor":1.0},{"not_picked":["FlyingSleeves","FollowUp"],"picked":"CrushJoints","floor":2.0},{"not_picked":["EmptyFist","ForeignInfluence"],"picked":"Consecrate","floor":3.0},{"not_picked":["CrushJoints","Protect"],"picked":"EmptyBody","floor":7.0},{"not_picked":["Prostrate","FollowUp"],"picked":"TalkToTheHand","floor":12.0},{"not_picked":["WreathOfFlame","JustLucky"],"picked":"LessonLearned","floor":13.0},{"not_picked":["Pray","CrushJoints","Wireheading"],"picked":"SKIP","floor":14.0},{"not_picked":["Omniscience","Establishment"],"picked":"Ragnarok","floor":16.0},{"not_picked":["PathToVictory","Crescendo"],"picked":"LikeWater","floor":18.0},{"not_picked":["Collect","CrushJoints"],"picked":"ThirdEye","floor":21.0},{"not_picked":["Evaluate","Worship"],"picked":"EmptyMind","floor":24.0},{"not_picked":["FollowUp","Wish","PathToVictory"],"picked":"SKIP","floor":28},{"not_picked":["Wireheading+1","Consecrate"],"picked":"Indignation","floor":30}],"player_experience":599821,"relics_obtained":[{"floor":9.0,"key":"Oddly Smooth Stone"},{"floor":13.0,"key":"Whetstone"},{"floor":24.0,"key":"PreservedInsect"},{"floor":26.0,"key":"Smiling Mask"},{"floor":27,"key":"Red Mask"},{"floor":31,"key":"Meat on the Bone"}],"event_choices":[{"damage_healed":0.0,"max_hp_gain":0.0,"max_hp_loss":0.0,"gold_gain":0.0,"event_name":"WeMeetAgain","player_choice":"Gave Potion","floor":4.0,"gold_loss":0.0,"damage_taken":0.0,"relics_obtained":["Juzu Bracelet"]},{"cards_removed":["Defend_P"],"damage_healed":0.0,"max_hp_gain":0.0,"max_hp_loss":0.0,"gold_gain":0.0,"event_name":"Living Wall","player_choice":"Forget","floor":5.0,"gold_loss":0.0,"damage_taken":0.0},{"damage_healed":0.0,"max_hp_gain":0.0,"max_hp_loss":6.0,"gold_gain":0.0,"event_name":"Golden Idol","player_choice":"Lose Max HP","floor":10.0,"gold_loss":0.0,"damage_taken":0.0,"relics_obtained":["Golden Idol"]},{"cards_removed":["Defend_P"],"damage_healed":0.0,"max_hp_gain":0.0,"max_hp_loss":0.0,"gold_gain":0.0,"event_name":"Purifier","player_choice":"Purged","floor":11.0,"gold_loss":0.0,"damage_taken":0.0},{"damage_healed":0.0,"max_hp_gain":0.0,"max_hp_loss":0.0,"gold_gain":0.0,"event_name":"Vampires","player_choice":"Ignored","floor":20.0,"gold_loss":0.0,"damage_taken":0.0},{"damage_healed":0.0,"max_hp_gain":0.0,"max_hp_loss":0.0,"gold_gain":0.0,"event_name":"The Woman in Blue","player_choice":"Bought 1 Potion","floor":22.0,"gold_loss":0.0,"damage_taken":0.0},{"damage_healed":0,"gold_gain":0,"player_choice":"Fought Bandits","damage_taken":0,"max_hp_gain":0,"max_hp_loss":0,"event_name":"Masked Bandits","floor":27,"gold_loss":0},{"cards_removed":["Defend_P"],"damage_healed":0,"gold_gain":0,"player_choice":"Elegance","damage_taken":0,"max_hp_gain":0,"max_hp_loss":0,"event_name":"Back to Basics","floor":29,"gold_loss":0}],"is_beta":false,"boss_relics":[{"not_picked":["Snecko Eye","Astrolabe"],"picked":"Fusion Hammer"}],"items_purged_floors":[19],"is_endless":false,"potions_floor_spawned":[1,2,3,13,18,27,28],"killed_by":"Automaton","ascension_level":20}