{"gold_per_floor":[216,233,47,47,67,93,93,122,122,122,132,151,176,193,193,270,270,287,305,325,325,335,335,354,354,379,379,411,430,430,446,446,521,521,531,491,509,3,23,23,23,37,37,37,67,67,100,116,116,116],"floor_reached":51,"playtime":2135,"items_purged":["Defend_P"],"score":1644,"play_id":"4426aa7a-2034-444b-8680-eeba6a0555b6","local_time":"20230911182556","is_ascension_mode":true,"campfire_choices":[{"data":"Eruption","floor":7,"key":"SMITH"},{"data":"CrushJoints","floor":10,"key":"SMITH"},{"data":"MentalFortress","floor":15,"key":"SMITH"},{"data":"Vault","floor":23,"key":"SMITH"},{"data":"Protect","floor":25,"key":"SMITH"},{"data":"Wallop","floor":27,"key":"SMITH"},{"data":"EmptyBody","floor":32,"key":"SMITH"},{"data":"Tantrum","floor":40,"key":"SMITH"},{"data":"FearNoEvil","floor":44,"key":"SMITH"},{"data":"Defend_P","floor":46,"key":"SMITH"},{"floor":49,"key":"REST"}],"neow_cost":"NONE","seed_source_timestamp":148809751481200,"circlet_count":0,"master_deck":["AscendersBane","Strike_P+1","Strike_P","Strike_P+1","Defend_P","Defend_P+1","Defend_P+1","Eruption+1","Vigilance+1","CrushJoints+1","Protect+1","Halt+1","CarveReality+1","BattleHymn","Wallop+1","EmptyBody+1","MentalFortress+1","FearNoEvil+1","LessonLearned","Vault+1","ReachHeaven+1","ClearTheMind+1","Vault+1","Tantrum+1","EmptyBody+1"],"special_seed":0,"relics":["PureWater","Vajra","Incense Burner","Bag of Marbles","Bottled Tornado","Thread and Needle","Busted Crown","Omamori","Toxic Egg 2","VioletLotus","Turnip","Pen Nib","Regal Pillow","Mango","Unceasing Top"],"potions_floor_usage":[6,6,16,33,50],"damage_taken":[{"damage":0.0,"enemies":"2 Louse","floor":1.0,"turns":2.0},{"damage":0,"enemies":"Cultist","floor":2,"turns":2},{"damage":16,"enemies":"Jaw Worm","floor":5,"turns":5},{"damage":0,"enemies":"Lagavulin","floor":6,"turns":2},{"damage":0,"enemies":"Gremlin Nob","floor":8,"turns":2},{"damage":0,"enemies":"Large Slime","floor":11,"turns":4},{"damage":0,"enemies":"Lots of Slimes","floor":12,"turns":2},{"damage":0,"enemies":"Lagavulin","floor":13,"turns":3},{"damage":0,"enemies":"Exordium Thugs","floor":14,"turns":2},{"damage":14,"enemies":"Slime Boss","floor":16,"turns":9},{"damage":6,"enemies":"2 Thieves","floor":18,"turns":3},{"damage":0,"enemies":"Spheric Guardian","floor":19,"turns":3},{"damage":5,"enemies":"Centurion and Healer","floor":20,"turns":7},{"damage":0,"enemies":"Snake Plant","floor":22,"turns":2},{"damage":2,"enemies":"Snecko","floor":24,"turns":4},{"damage":0,"enemies":"Gremlin Leader","floor":28,"turns":8},{"damage":0,"enemies":"Centurion and Healer","floor":29,"turns":4},{"damage":0,"enemies":"Cultist and Chosen","floor":31,"turns":3},{"damage":11,"enemies":"Champ","floor":33,"turns":8},{"damage":0,"enemies":"3 Shapes","floor":35,"turns":5},{"damage":2,"enemies":"Orb Walker","floor":37,"turns":5},{"damage":7,"enemies":"Maw","floor":39,"turns":6},{"damage":0,"enemies":"3 Darklings","floor":42,"turns":4},{"damage":7,"enemies":"Nemesis","floor":45,"turns":3},{"damage":0,"enemies":"Reptomancer","floor":47,"turns":6},{"damage":9,"enemies":"Jaw Worm Horde","floor":48,"turns":4},{"damage":9,"enemies":"Time Eater","floor":50,"turns":6}],"seed_played":"7569953493916904924","potions_obtained":[{"floor":2,"key":"AttackPotion"},{"floor":5,"key":"DistilledChaos"},{"floor":6,"key":"Fruit Juice"},{"floor":13,"key":"Regen Potion"},{"floor":18,"key":"EssenceOfSteel"},{"floor":20,"key":"CultistPotion"},{"floor":24,"key":"Ambrosia"},{"floor":36,"key":"FairyPotion"}],"is_trial":false,"path_per_floor":["M","M","$","?","M","E","R","E","T","R","M","M","E","M","R","B",null,"M","M","M","?","M","R","M","R","T","R","E","M","?","M","R","B",null,"M","?","M","$","M","R","$","M","T","R","E","R","E","M","R","B",null],"character_chosen":"WATCHER","items_purchased":["Explosive Potion","Halt","Turnip","Pen Nib"],"campfire_rested":1,"item_purchase_floors":[3,3,38,38],"current_hp_per_floor":[61,61,61,61,45,50,50,50,50,50,50,50,50,50,50,36,64,58,58,53,53,53,53,51,51,51,51,51,51,51,51,51,40,65,65,65,63,63,56,56,56,56,56,56,63,63,63,54,87,78],"gold":116,"neow_bonus":"HUNDRED_GOLD","is_prod":false,"is_daily":false,"chose_seed":false,"campfire_upgraded":10,"win_rate":0,"timestamp":1694481956,"path_taken":["M","M","$","?","M","E","R","E","T","R","M","M","E","M","R","BOSS","M","?","M","?","M","R","M","R","T","R","E","M","?","?","R","BOSS","M","?","M","$","M","R","?","M","T","R","E","R","E","?","R","BOSS"],"build_version":"2022-12-18","purchased_purges":1,"victory":true,"max_hp_per_floor":[68,68,68,68,68,73,73,73,73,73,73,73,73,73,73,73,73,73,73,73,73,73,73,73,73,73,73,73,73,73,73,73,73,73,73,73,73,73,73,73,73,73,73,73,87,87,87,87,87,87],"card_choices":[{"not_picked":["Crescendo","Prostrate"],"picked":"CrushJoints","floor":1.0},{"not_picked":["Prostrate","Crescendo"],"picked":"Protect","floor":2},{"not_picked":["Evaluate","FlyingSleeves"],"picked":"CarveReality","floor":5},{"not_picked":["JustLucky","Pray"],"picked":"BattleHymn","floor":6},{"not_picked":["Sanctity","LikeWater"],"picked":"Wallop","floor":8},{"not_picked":["Prostrate","Worship"],"picked":"EmptyBody","floor":11},{"not_picked":["Wallop","Fasting2"],"picked":"MentalFortress","floor":12},{"not_picked":["EmptyFist","FlurryOfBlows"],"picked":"FearNoEvil","floor":13},{"not_picked":["ClearTheMind","Evaluate"],"picked":"LessonLearned","floor":14},{"not_picked":["LessonLearned","DeusExMachina"],"picked":"Vault","floor":16},{"not_picked":["ThirdEye"],"picked":"SKIP","floor":18},{"not_picked":[],"picked":"ReachHeaven","floor":19},{"not_picked":["Weave"],"picked":"SKIP","floor":20},{"not_picked":["EmptyBody"],"picked":"SKIP","floor":22},{"not_picked":["Swivel"],"picked":"SKIP","floor":24},{"not_picked":[],"picked":"ClearTheMind+1","floor":28},{"not_picked":["BowlingBash"],"picked":"SKIP","floor":29},{"not_picked":["WindmillStrike"],"picked":"SKIP","floor":31},{"not_picked":[],"picked":"Vault+1","floor":33},{"not_picked":["Worship+1"],"picked":"SKIP","floor":35},{"not_picked":[],"picked":"Tantrum","floor":37},{"not_picked":["SignatureMove"],"picked":"SKIP","floor":39},{"not_picked":[],"picked":"EmptyBody+1","floor":42},{"not_picked":["Prostrate+1"],"picked":"SKIP","floor":45},{"not_picked":["Halt+1"],"picked":"SKIP","floor":47},{"not_picked":["CutThroughFate"],"picked":"SKIP","floor":48}],"player_experience":554040,"relics_obtained":[{"floor":6,"key":"Incense Burner"},{"floor":8,"key":"Bag of Marbles"},{"floor":9,"key":"Bottled Tornado"},{"floor":13,"key":"Thread and Needle"},{"floor":26,"key":"Omamori"},{"floor":28,"key":"Toxic Egg 2"},{"floor":43,"key":"Regal Pillow"},{"floor":45,"key":"Mango"},{"floor":47,"key":"Unceasing Top"}],"event_choices":[{"damage_healed":0,"gold_gain":0,"player_choice":"Gave Potion","damage_taken":0,"relics_obtained":["Vajra"],"max_hp_gain":0,"max_hp_loss":0,"event_name":"WeMeetAgain","floor":4,"gold_loss":0},{"damage_healed":0,"gold_gain":0,"player_choice":"Ignored","damage_taken":0,"max_hp_gain":0,"max_hp_loss":0,"event_name":"The Mausoleum","floor":21,"gold_loss":0},{"cards_removed":["Strike_P"],"damage_healed":0,"gold_gain":0,"player_choice":"Purged","damage_taken":0,"max_hp_gain":0,"max_hp_loss":0,"event_name":"Purifier","floor":30,"gold_loss":0},{"damage_healed":0,"gold_gain":0,"player_choice":"Bought 3 Potions","damage_taken":0,"max_hp_gain":0,"max_hp_loss":0,"event_name":"The Woman in Blue","floor":36,"gold_loss":0}],"is_beta":false,"boss_relics":[{"not_picked":["Snecko Eye","Runic Dome"],"picked":"Busted Crown"},{"not_picked":["Philosopher\u0027s Stone","SacredBark"],"picked":"VioletLotus"}],"items_purged_floors":[3],"is_endless":false,"potions_floor_spawned":[2,5,6,13,18,20,24,28,31,39,42],"ascension_level":18}