{"gold_per_floor":[118,118,129,143,68,68,94,106,106,106,134,149,164,183,183,256,256,268,318,328,342,342,342,96,96,177,189,51,63,63,63],"floor_reached":31,"playtime":1145,"items_purged":["Defend_P","Strike_P"],"score":598,"play_id":"386e369c-6b4a-4941-bd2a-1fe6964a2bf6","local_time":"20230914224834","is_ascension_mode":true,"campfire_choices":[{"data":"Consecrate","floor":6,"key":"SMITH"},{"data":"TalkToTheHand","floor":10,"key":"SMITH"},{"data":"Adaptation","floor":15,"key":"SMITH"},{"data":"Tantrum","floor":23,"key":"SMITH"},{"data":"Eruption","floor":25,"key":"SMITH"},{"data":"ThirdEye","floor":30,"key":"SMITH"}],"neow_cost":"NONE","seed_source_timestamp":100774342581200,"circlet_count":0,"master_deck":["AscendersBane","Strike_P","Strike_P","Strike_P","Defend_P","Defend_P","Defend_P","Eruption+1","Vigilance+1","Tantrum+1","Consecrate+1","Halt","CarveReality","TalkToTheHand+1","Sanctity","Wireheading","Adaptation+1","CutThroughFate","MasterReality","ThirdEye+1","ClearTheMind+1","InnerPeace","EmptyMind","CutThroughFate","PathToVictory"],"relics":["PureWater","Toy Ornithopter","Ancient Tea Set","HornCleat","Coffee Dripper","Gremlin Horn","Question Card"],"potions_floor_usage":[11,12,14,21,31],"damage_taken":[{"damage":7,"enemies":"Small Slimes","floor":1,"turns":4},{"damage":0,"enemies":"Cultist","floor":3,"turns":2},{"damage":2,"enemies":"Jaw Worm","floor":4,"turns":3},{"damage":3,"enemies":"3 Sentries","floor":7,"turns":3},{"damage":0,"enemies":"Blue Slaver","floor":8,"turns":2},{"damage":4,"enemies":"Gremlin Nob","floor":11,"turns":3},{"damage":0,"enemies":"Lots of Slimes","floor":12,"turns":3},{"damage":0,"enemies":"2 Fungi Beasts","floor":13,"turns":2},{"damage":0,"enemies":"Red Slaver","floor":14,"turns":2},{"damage":0,"enemies":"Slime Boss","floor":16,"turns":7},{"damage":21,"enemies":"2 Thieves","floor":18,"turns":3},{"damage":14,"enemies":"Shell Parasite","floor":20,"turns":3},{"damage":0,"enemies":"3 Cultists","floor":21,"turns":4},{"damage":25,"enemies":"Sentry and Sphere","floor":27,"turns":6},{"damage":0,"enemies":"Snake Plant","floor":29,"turns":3},{"damage":50,"enemies":"Cultist and Chosen","floor":31,"turns":4}],"seed_played":"-4084850471802272458","potions_obtained":[{"floor":0,"key":"Swift Potion"},{"floor":0,"key":"ColorlessPotion"},{"floor":4,"key":"DistilledChaos"},{"floor":8,"key":"PowerPotion"},{"floor":11,"key":"Fire Potion"},{"floor":16,"key":"StancePotion"},{"floor":18,"key":"StancePotion"},{"floor":21,"key":"Weak Potion"}],"is_trial":false,"path_per_floor":["M","?","M","M","$","R","E","M","T","R","E","M","M","M","R","B",null,"M","?","M","M","?","R","$","R","T","M","?","M","R","M"],"character_chosen":"WATCHER","items_purchased":["EmptyMind","CutThroughFate"],"campfire_rested":0,"item_purchase_floors":[24,24],"current_hp_per_floor":[54,54,54,52,52,52,49,49,49,49,50,55,55,60,60,60,66,45,39,25,30,30,30,30,30,30,5,5,5,5,0],"gold":63,"neow_bonus":"THREE_SMALL_POTIONS","is_prod":false,"is_daily":false,"chose_seed":false,"campfire_upgraded":6,"win_rate":0,"timestamp":1694756914,"path_taken":["M","?","M","M","$","R","E","M","T","R","E","?","M","M","R","BOSS","M","?","?","M","?","R","$","R","T","M","?","M","R","M"],"build_version":"2022-12-18","purchased_purges":2,"victory":false,"max_hp_per_floor":[68,68,68,68,68,68,68,68,68,68,68,68,68,68,68,68,68,68,68,68,68,68,68,68,68,68,68,68,68,68,68],"card_choices":[{"not_picked":["ClearTheMind","SashWhip"],"picked":"Tantrum","floor":1},{"not_picked":["DeusExMachina","EmptyMind"],"picked":"Consecrate","floor":3},{"not_picked":["LikeWater","ClearTheMind"],"picked":"Halt","floor":4},{"not_picked":["ForeignInfluence","Consecrate"],"picked":"CarveReality","floor":7},{"not_picked":["Crescendo","FollowUp"],"picked":"TalkToTheHand","floor":8},{"not_picked":["WheelKick","Study"],"picked":"Sanctity","floor":11},{"not_picked":["BowlingBash","SashWhip"],"picked":"Wireheading","floor":12},{"not_picked":["WreathOfFlame","MentalFortress"],"picked":"Adaptation","floor":13},{"not_picked":["Collect","Sanctity"],"picked":"CutThroughFate","floor":14},{"not_picked":["ConjureBlade","DeusExMachina"],"picked":"MasterReality","floor":16},{"not_picked":["SignatureMove","ClearTheMind"],"picked":"ThirdEye","floor":18},{"not_picked":["Swivel","Worship"],"picked":"ClearTheMind+1","floor":20},{"not_picked":["Prostrate","TalkToTheHand"],"picked":"InnerPeace","floor":21},{"not_picked":["ClearTheMind","FlyingSleeves","FlurryOfBlows"],"picked":"SKIP","floor":27},{"not_picked":["Fasting2","EmptyBody","FlyingSleeves"],"picked":"PathToVictory","floor":29}],"player_experience":605454,"relics_obtained":[{"floor":7,"key":"Toy Ornithopter"},{"floor":9,"key":"Ancient Tea Set"},{"floor":11,"key":"HornCleat"},{"floor":26,"key":"Gremlin Horn"}],"event_choices":[{"damage_healed":0,"gold_gain":0,"player_choice":"Forge","damage_taken":0,"max_hp_gain":0,"max_hp_loss":0,"event_name":"Accursed Blacksmith","floor":2,"gold_loss":0,"cards_upgraded":["Vigilance"]},{"damage_healed":0,"gold_gain":50,"player_choice":"Touch","damage_taken":6,"max_hp_gain":0,"max_hp_loss":0,"event_name":"FaceTrader","floor":19,"gold_loss":0},{"damage_healed":0,"gold_gain":0,"player_choice":"Ignored","damage_taken":0,"max_hp_gain":0,"max_hp_loss":0,"event_name":"The Mausoleum","floor":22,"gold_loss":0},{"damage_healed":0,"gold_gain":0,"player_choice":"Paid Gold","damage_taken":0,"relics_obtained":["Question Card"],"max_hp_gain":0,"max_hp_loss":0,"event_name":"WeMeetAgain","floor":28,"gold_loss":138}],"is_beta":false,"boss_relics":[{"not_picked":["Velvet Choker","Fusion Hammer"],"picked":"Coffee Dripper"}],"items_purged_floors":[5,24],"is_endless":false,"potions_floor_spawned":[4,7,8,11,16,18,21],"killed_by":"Cultist and Chosen","ascension_level":20}