{"gold_per_floor":[110,9,22,38,38,38,38,58,81,108,123,158,23,23,23,154,154,169,84,34,59,159,159,183,183,183,37,52,52,66,89,89,214,214,229,243,257,557,578,578,598,598,598,598,598,616,398,398,398,398],"floor_reached":51,"playtime":2121,"items_purged":["Defend_P","Regret"],"score":784,"play_id":"95b800f0-1889-43d2-9ff2-88bfebe5c522","local_time":"20230913025556","is_ascension_mode":false,"campfire_choices":[{"data":"Eruption","floor":6,"key":"SMITH"},{"data":"EmptyFist","floor":15,"key":"SMITH"},{"data":"CrushJoints","floor":23,"key":"SMITH"},{"data":"BowlingBash","floor":25,"key":"SMITH"},{"data":"Vigilance","floor":29,"key":"SMITH"},{"data":"Protect","floor":32,"key":"SMITH"},{"data":"Protect","floor":40,"key":"SMITH"},{"data":"ThirdEye","floor":42,"key":"SMITH"},{"data":"EmptyBody","floor":44,"key":"SMITH"},{"data":"PathToVictory","floor":49,"key":"SMITH"}],"neow_cost":"NONE","seed_source_timestamp":265861708668800,"circlet_count":0,"master_deck":["Strike_P","Strike_P","Strike_P","Defend_P","Defend_P","Defend_P","Eruption+1","Vigilance+1","SashWhip","EmptyFist+1","CrushJoints+1","ThirdEye+1","BowlingBash+1","Protect+1","Protect+1","EmptyBody+1","SashWhip+1","FlyingSleeves+1","Flash of Steel","PathToVictory+1"],"relics":["PureWater","Happy Flower","Bag of Preparation","PreservedInsect","MawBank","Vajra","Golden Idol","Cursed Key","Tiny Chest","Membership Card","Philosopher\u0027s Stone","Old Coin","Bag of Marbles"],"potions_floor_usage":[33,33,33,36,50,50,50],"damage_taken":[{"damage":1,"enemies":"Jaw Worm","floor":1,"turns":4},{"damage":0,"enemies":"Small Slimes","floor":3,"turns":3},{"damage":0,"enemies":"2 Louse","floor":4,"turns":1},{"damage":0,"enemies":"Large Slime","floor":8,"turns":3},{"damage":0,"enemies":"Gremlin Nob","floor":10,"turns":2},{"damage":0,"enemies":"2 Fungi Beasts","floor":11,"turns":1},{"damage":0,"enemies":"Lagavulin","floor":12,"turns":2},{"damage":10,"enemies":"The Guardian","floor":16,"turns":8},{"damage":1,"enemies":"3 Byrds","floor":18,"turns":4},{"damage":0,"enemies":"Chosen","floor":21,"turns":3},{"damage":3,"enemies":"Centurion and Healer","floor":24,"turns":4},{"damage":0,"enemies":"Shelled Parasite and Fungi","floor":28,"turns":2},{"damage":10,"enemies":"Chosen and Byrds","floor":30,"turns":6},{"damage":12,"enemies":"Snake Plant","floor":31,"turns":3},{"damage":60,"enemies":"Automaton","floor":33,"turns":12},{"damage":0,"enemies":"Orb Walker","floor":35,"turns":3},{"damage":7,"enemies":"3 Shapes","floor":36,"turns":6},{"damage":1,"enemies":"Jaw Worm Horde","floor":37,"turns":5},{"damage":28,"enemies":"Transient","floor":39,"turns":5},{"damage":0,"enemies":"3 Darklings","floor":41,"turns":4},{"damage":3,"enemies":"Maw","floor":46,"turns":6},{"damage":34,"enemies":"Awakened One","floor":50,"turns":24}],"seed_played":"2048056099134564253","potions_obtained":[{"floor":3,"key":"Weak Potion"},{"floor":4,"key":"Regen Potion"},{"floor":18,"key":"LiquidBronze"},{"floor":24,"key":"StancePotion"},{"floor":33,"key":"SteroidPotion"},{"floor":35,"key":"Strength Potion"},{"floor":36,"key":"Fruit Juice"},{"floor":41,"key":"Explosive Potion"}],"is_trial":false,"path_per_floor":["M","$","M","M","?","R","?","M","T","E","M","E","$","?","R","B",null,"M","?","?","M","?","R","M","R","T","$","M","R","M","M","R","B",null,"M","M","M","T","M","R","M","R","T","R","?","M","$","?","R","B",null],"character_chosen":"WATCHER","items_purchased":["EmptyFist","Vajra","Membership Card","Bag of Marbles","Flash of Steel","Dexterity Potion","PathToVictory"],"campfire_rested":0,"item_purchase_floors":[2,13,27,47,47,47,47],"current_hp_per_floor":[71,71,71,71,76,76,76,76,76,76,76,76,76,57,57,47,77,76,76,76,76,76,76,73,73,73,73,73,73,63,51,51,6,77,77,75,74,74,46,46,46,46,46,46,46,43,43,43,43,9],"gold":398,"neow_bonus":"RANDOM_COMMON_RELIC","is_prod":false,"is_daily":false,"chose_seed":false,"campfire_upgraded":10,"win_rate":0,"timestamp":1694598956,"path_taken":["M","$","M","M","?","R","?","M","T","E","M","E","?","?","R","BOSS","M","?","?","?","?","R","M","R","T","$","M","R","M","M","R","BOSS","M","M","M","?","M","R","M","R","T","R","?","M","$","?","R","BOSS"],"build_version":"2022-12-18","purchased_purges":2,"victory":true,"max_hp_per_floor":[72,72,72,72,77,77,77,77,77,77,77,77,77,77,77,77,77,77,77,77,77,77,77,77,77,77,77,77,77,77,77,77,77,77,77,82,82,82,82,82,82,82,82,82,82,82,82,82,82,82],"card_choices":[{"not_picked":["FlurryOfBlows","Meditate"],"picked":"SashWhip","floor":1},{"not_picked":["JustLucky","TalkToTheHand","EmptyBody"],"picked":"SKIP","floor":3},{"not_picked":["DeceiveReality","Conclude"],"picked":"CrushJoints","floor":4},{"not_picked":["ForeignInfluence","Crescendo"],"picked":"ThirdEye","floor":8},{"not_picked":["Vengeance","JustLucky"],"picked":"BowlingBash","floor":10},{"not_picked":["Pray","Swivel","Halt"],"picked":"SKIP","floor":11},{"not_picked":["Wish","Nirvana"],"picked":"Protect","floor":12},{"not_picked":["FearNoEvil+1","Adaptation"],"picked":"Protect","floor":18},{"not_picked":["Crescendo","FollowUp","Scrawl"],"picked":"SKIP","floor":21},{"not_picked":["InnerPeace","WreathOfFlame","Adaptation"],"picked":"SKIP","floor":24},{"not_picked":["WreathOfFlame","Vengeance","FollowUp"],"picked":"SKIP","floor":28},{"not_picked":["Weave","SignatureMove"],"picked":"EmptyBody","floor":30},{"not_picked":["LikeWater","EmptyFist","Study"],"picked":"SKIP","floor":31},{"not_picked":["SandsOfTime","WaveOfTheHand"],"picked":"SashWhip+1","floor":35},{"not_picked":["Crescendo","CrushJoints+1","Protect"],"picked":"SKIP","floor":36},{"not_picked":["Fasting2","Indignation"],"picked":"FlyingSleeves+1","floor":37},{"not_picked":["Consecrate+1","WaveOfTheHand","Perseverance"],"picked":"SKIP","floor":39},{"not_picked":["CrushJoints","EmptyBody+1","ClearTheMind"],"picked":"SKIP","floor":41},{"not_picked":["MasterReality","BowlingBash+1","Worship"],"picked":"SKIP","floor":46}],"player_experience":569704,"relics_obtained":[{"floor":9,"key":"Bag of Preparation"},{"floor":10,"key":"PreservedInsect"},{"floor":12,"key":"MawBank"},{"floor":38,"key":"Old Coin"}],"event_choices":[{"damage_healed":0,"gold_gain":0,"player_choice":"Donut","damage_taken":0,"max_hp_gain":5,"max_hp_loss":0,"event_name":"Big Fish","floor":5,"gold_loss":0},{"damage_healed":0,"gold_gain":0,"player_choice":"Ignored","damage_taken":0,"max_hp_gain":0,"max_hp_loss":0,"event_name":"Liars Game","floor":7,"gold_loss":0},{"damage_healed":0,"gold_gain":0,"player_choice":"Take Damage","damage_taken":19,"relics_obtained":["Golden Idol"],"max_hp_gain":0,"max_hp_loss":0,"event_name":"Golden Idol","floor":14,"gold_loss":0},{"damage_healed":0,"gold_gain":0,"player_choice":"Obtained Relic","damage_taken":0,"relics_obtained":["Tiny Chest"],"max_hp_gain":0,"max_hp_loss":0,"event_name":"Addict","floor":19,"gold_loss":85},{"damage_healed":0,"gold_gain":0,"player_choice":"Bet on Murderer","damage_taken":0,"max_hp_gain":0,"max_hp_loss":0,"event_name":"The Joust","floor":20,"gold_loss":50},{"damage_healed":0,"gold_gain":100,"player_choice":"Pray","damage_taken":0,"max_hp_gain":0,"max_hp_loss":0,"event_name":"Golden Shrine","floor":22,"gold_loss":0},{"damage_healed":0,"gold_gain":0,"player_choice":"Ignored","damage_taken":0,"max_hp_gain":0,"max_hp_loss":0,"event_name":"Tomb of Lord Red Mask","floor":45,"gold_loss":0},{"cards_removed":["Strike_P"],"damage_healed":0,"gold_gain":0,"player_choice":"Purged","damage_taken":0,"max_hp_gain":0,"max_hp_loss":0,"event_name":"Purifier","floor":48,"gold_loss":0}],"is_beta":false,"boss_relics":[{"not_picked":["Fusion Hammer","Calling Bell"],"picked":"Cursed Key"},{"not_picked":["Velvet Choker","Sozu"],"picked":"Philosopher\u0027s Stone"}],"items_purged_floors":[2,47],"is_endless":false,"potions_floor_spawned":[3,4,18,24,28,33,35,36,41],"ascension_level":0}