{"gold_per_floor":[19,38,52,70,70,70,120,150,225,257,182,198,198,229,229,303,303,319,319,336,336,75,105,116,116,142,172,186,186,204,214,214,289,289,303,319,335,56,67,67,67],"floor_reached":41,"playtime":1907,"items_purged":["Strike_P","Defend_P"],"score":1260,"play_id":"39dd5010-a160-4809-875d-01e116c1bc5e","local_time":"20230914234704","is_ascension_mode":true,"campfire_choices":[{"data":"Eruption","floor":6.0,"key":"SMITH"},{"data":"Adaptation","floor":13.0,"key":"SMITH"},{"data":"Vigilance","floor":15.0,"key":"SMITH"},{"data":"FearNoEvil","floor":25,"key":"SMITH"},{"floor":32,"key":"RECALL"},{"floor":40,"key":"REST"}],"neow_cost":"NO_GOLD","seed_source_timestamp":103505198773600,"circlet_count":0,"master_deck":["AscendersBane","Strike_P","Strike_P","Defend_P","Defend_P","Eruption+1","Vigilance+1","MentalFortress+1","CutThroughFate+1","Adaptation+1","ReachHeaven","FearNoEvil+1","Adaptation+1"],"special_seed":0,"relics":["PureWater","Gambling Chip","Frozen Egg 2","Bag of Marbles","Bag of Preparation","Runic Pyramid","Unceasing Top","ClockworkSouvenir","InkBottle","Lantern","Fusion Hammer","Shuriken"],"potions_floor_usage":[27,41,41],"damage_taken":[{"damage":3.0,"enemies":"Small Slimes","floor":1.0,"turns":3.0},{"damage":0.0,"enemies":"2 Louse","floor":2.0,"turns":4.0},{"damage":0.0,"enemies":"Cultist","floor":3.0,"turns":3.0},{"damage":2.0,"enemies":"2 Fungi Beasts","floor":4.0,"turns":4.0},{"damage":4.0,"enemies":"3 Sentries","floor":8.0,"turns":5.0},{"damage":0.0,"enemies":"Lagavulin","floor":10.0,"turns":4.0},{"damage":6.0,"enemies":"Large Slime","floor":12.0,"turns":3.0},{"damage":0.0,"enemies":"3 Sentries","floor":14.0,"turns":3.0},{"damage":16.0,"enemies":"Hexaghost","floor":16.0,"turns":6.0},{"damage":0,"enemies":"Spheric Guardian","floor":18,"turns":2},{"damage":0,"enemies":"Shell Parasite","floor":20,"turns":3},{"damage":0,"enemies":"Gremlin Leader","floor":23,"turns":4},{"damage":7,"enemies":"Snake Plant","floor":24,"turns":3},{"damage":0,"enemies":"Slavers","floor":27,"turns":2},{"damage":0,"enemies":"Centurion and Healer","floor":28,"turns":2},{"damage":0,"enemies":"Snecko","floor":30,"turns":2},{"damage":0,"enemies":"3 Cultists","floor":31,"turns":2},{"damage":0,"enemies":"Champ","floor":33,"turns":2},{"damage":0,"enemies":"3 Darklings","floor":35,"turns":2},{"damage":10,"enemies":"3 Shapes","floor":36,"turns":2},{"damage":0,"enemies":"Sphere and 2 Shapes","floor":37,"turns":2},{"damage":0,"enemies":"4 Shapes","floor":39,"turns":4},{"damage":79,"enemies":"Nemesis","floor":41,"turns":5}],"seed_played":"-542381310533597681","potions_obtained":[{"floor":2.0,"key":"Energy Potion"},{"floor":4.0,"key":"Fire Potion"},{"floor":8.0,"key":"Explosive Potion"},{"floor":14.0,"key":"SteroidPotion"},{"floor":20,"key":"PowerPotion"},{"floor":27,"key":"Regen Potion"}],"is_trial":false,"path_per_floor":["M","M","M","M","?","R","?","E","T","E","$","M","R","E","R","B",null,"M","T","M","?","$","E","M","R","T","E","M","?","M","M","R","B",null,"M","M","M","$","M","R","E"],"character_chosen":"WATCHER","items_purchased":["ClockworkSouvenir","Shuriken"],"campfire_rested":1,"item_purchase_floors":[22,38],"current_hp_per_floor":[58,58,58,56,36,36,36,32,32,32,32,26,26,26,26,10,54,54,54,54,54,54,54,47,47,47,47,47,47,47,47,47,47,63,63,53,53,53,53,68,0],"gold":67,"neow_bonus":"REMOVE_TWO","is_prod":false,"is_daily":false,"chose_seed":false,"campfire_upgraded":4,"win_rate":0,"timestamp":1694760424,"path_taken":["M","M","M","M","?","R","?","E","T","E","$","M","R","E","R","BOSS","M","?","M","?","$","E","M","R","T","E","M","?","M","M","R","BOSS","M","M","M","$","M","R","E"],"build_version":"2022-12-18","purchased_purges":2,"victory":false,"max_hp_per_floor":[68,68,68,68,68,68,68,68,68,68,68,68,68,68,68,68,68,68,68,68,68,68,68,68,68,68,68,68,68,68,68,68,68,68,68,68,68,68,68,68,68],"card_choices":[{"not_picked":["Consecrate","FlyingSleeves"],"picked":"MentalFortress","floor":1.0},{"not_picked":["WreathOfFlame","JustLucky"],"picked":"CutThroughFate","floor":2.0},{"not_picked":["Study","LikeWater"],"picked":"Adaptation","floor":3.0},{"not_picked":["MentalFortress","BowlingBash"],"picked":"ReachHeaven","floor":4.0},{"not_picked":["Prostrate","Evaluate","Crescendo"],"picked":"SKIP","floor":8.0},{"not_picked":["PathToVictory","BattleHymn+1","Crescendo"],"picked":"SKIP","floor":10.0},{"not_picked":["Protect","Judgement","EmptyFist"],"picked":"SKIP","floor":12.0},{"not_picked":["EmptyBody","Scrawl"],"picked":"FearNoEvil","floor":14.0},{"not_picked":["FlurryOfBlows+1","Halt","Evaluate"],"picked":"SKIP","floor":18},{"not_picked":["CrushJoints+1","FollowUp","SashWhip+1"],"picked":"SKIP","floor":20},{"not_picked":["WaveOfTheHand","Prostrate","PathToVictory"],"picked":"SKIP","floor":23},{"not_picked":["SashWhip","Evaluate"],"picked":"Adaptation+1","floor":24},{"not_picked":["Vengeance+1","Nirvana+1","Halt"],"picked":"SKIP","floor":27},{"not_picked":["Consecrate","Swivel","Prostrate"],"picked":"SKIP","floor":28},{"not_picked":["Evaluate","EmptyFist","Establishment+1"],"picked":"SKIP","floor":30},{"not_picked":["FollowUp","WreathOfFlame+1","WindmillStrike"],"picked":"SKIP","floor":31},{"not_picked":["WreathOfFlame","Prostrate","Wireheading+1"],"picked":"SKIP","floor":35},{"not_picked":["JustLucky","Consecrate","FlurryOfBlows"],"picked":"SKIP","floor":36},{"not_picked":["ThirdEye","Perseverance","JustLucky"],"picked":"SKIP","floor":37},{"not_picked":["Devotion+1","FlurryOfBlows+1","SashWhip"],"picked":"SKIP","floor":39}],"player_experience":608105,"relics_obtained":[{"floor":8.0,"key":"Gambling Chip"},{"floor":9.0,"key":"Frozen Egg 2"},{"floor":10.0,"key":"Bag of Marbles"},{"floor":14.0,"key":"Bag of Preparation"},{"floor":19,"key":"Unceasing Top"},{"floor":23,"key":"InkBottle"},{"floor":27,"key":"Lantern"}],"event_choices":[{"damage_healed":0.0,"max_hp_gain":0.0,"max_hp_loss":0.0,"gold_gain":0.0,"event_name":"Shining Light","player_choice":"Entered Light","floor":5.0,"gold_loss":0.0,"damage_taken":20.0,"cards_upgraded":["MentalFortress","CutThroughFate"]},{"damage_healed":0.0,"max_hp_gain":0.0,"max_hp_loss":0.0,"gold_gain":50.0,"event_name":"Golden Shrine","player_choice":"Pray","floor":7.0,"gold_loss":0.0,"damage_taken":0.0},{"damage_healed":0,"gold_gain":0,"player_choice":"Ignored","damage_taken":0,"max_hp_gain":0,"max_hp_loss":0,"event_name":"The Mausoleum","floor":21,"gold_loss":0},{"damage_healed":0,"gold_gain":0,"player_choice":"0 cards matched","damage_taken":0,"max_hp_gain":0,"max_hp_loss":0,"event_name":"Match and Keep!","floor":29,"gold_loss":0,"cards_obtained":[]}],"is_beta":false,"boss_relics":[{"not_picked":["Velvet Choker","Busted Crown"],"picked":"Runic Pyramid"},{"not_picked":["SlaversCollar","Black Star"],"picked":"Fusion Hammer"}],"items_purged_floors":[11,22],"is_endless":false,"potions_floor_spawned":[2,4,8,14,20,23,27,30,36,37],"killed_by":"Nemesis","ascension_level":20}