{"gold_per_floor":[119,119,136,148,148,148,183,183,210,224,224,239,282,282,282,378,378,391,306,231,256,279,279,299,339,339,339,339,372,9,134,134,223,223,236,250,52,71,71,71,71,71,71,85,0,44,44,68,68,68],"floor_reached":50,"playtime":3164,"items_purged":["Strike_P+1"],"score":1186,"play_id":"21e58810-d259-49fe-b662-fed626ac6461","local_time":"20230914205340","is_ascension_mode":true,"campfire_choices":[{"data":"Eruption","floor":6.0,"key":"SMITH"},{"data":"CutThroughFate","floor":11,"key":"SMITH"},{"data":"Meditate","floor":15,"key":"SMITH"},{"data":"SashWhip","floor":23,"key":"SMITH"},{"data":"WindmillStrike","floor":32,"key":"SMITH"},{"data":"SandsOfTime","floor":40,"key":"SMITH"},{"data":"Madness","floor":42,"key":"SMITH"},{"data":"Madness","floor":47,"key":"SMITH"},{"data":"TalkToTheHand","floor":49,"key":"SMITH"}],"neow_cost":"PERCENT_DAMAGE","seed_source_timestamp":91829776537000,"circlet_count":0,"master_deck":["AscendersBane","Strike_P+1","Eruption+1","Vigilance+1","CutThroughFate+1","LessonLearned+1","Halt+1","Meditate+1","Consecrate+1","LikeWater+1","SpiritShield+1","SpiritShield+1","Study+1","EmptyFist+1","InnerPeace+1","CutThroughFate+1","SashWhip+1","CarveReality+1","WindmillStrike+1","Sanctity+1","EmptyMind+1","Establishment+1","Tantrum+1","SandsOfTime+1","Fasting2+1","Tantrum+1","Madness+1","Madness+1","TalkToTheHand+1"],"special_seed":0,"relics":["PureWater","Thread and Needle","Golden Idol","Juzu Bracelet","Bag of Preparation","Frozen Egg 2","MealTicket","Astrolabe","Mummified Hand","Bottled Flame","Darkstone Periapt","Shuriken","Eternal Feather","Ice Cream","Bottled Lightning","Runic Dome","GoldenEye","Red Mask","Oddly Smooth Stone"],"potions_floor_usage":[29,33,35,50,50],"damage_taken":[{"damage":0.0,"enemies":"Jaw Worm","floor":1.0,"turns":4.0},{"damage":0.0,"enemies":"Small Slimes","floor":3.0,"turns":2.0},{"damage":0.0,"enemies":"Cultist","floor":4.0,"turns":4.0},{"damage":3.0,"enemies":"Lagavulin","floor":7.0,"turns":4.0},{"damage":11,"enemies":"3 Louse","floor":10,"turns":4},{"damage":0,"enemies":"Looter","floor":12,"turns":1},{"damage":0,"enemies":"3 Sentries","floor":13,"turns":5},{"damage":31,"enemies":"Hexaghost","floor":16,"turns":8},{"damage":1,"enemies":"Chosen","floor":18,"turns":3},{"damage":0,"enemies":"Spheric Guardian","floor":21,"turns":1},{"damage":2,"enemies":"Snecko","floor":22,"turns":5},{"damage":11,"enemies":"Snake Plant","floor":24,"turns":4},{"damage":24,"enemies":"Gremlin Leader","floor":25,"turns":6},{"damage":13,"enemies":"Book of Stabbing","floor":29,"turns":4},{"damage":0,"enemies":"Colosseum Slavers","floor":31,"turns":8},{"damage":0,"enemies":"Colosseum Nobs","floor":31,"turns":2},{"damage":0,"enemies":"Collector","floor":33,"turns":7},{"damage":0,"enemies":"3 Darklings","floor":35,"turns":4},{"damage":0,"enemies":"3 Shapes","floor":36,"turns":2},{"damage":0,"enemies":"Transient","floor":38,"turns":6},{"damage":8,"enemies":"Maw","floor":44,"turns":5},{"damage":39,"enemies":"Nemesis","floor":46,"turns":5},{"damage":0,"enemies":"Sphere and 2 Shapes","floor":48,"turns":3},{"damage":49,"enemies":"Awakened One","floor":50,"turns":3}],"seed_played":"3384662996377697129","potions_obtained":[{"floor":3.0,"key":"SkillPotion"},{"floor":4.0,"key":"StancePotion"},{"floor":18,"key":"Ancient Potion"},{"floor":25,"key":"StancePotion"},{"floor":29,"key":"Energy Potion"},{"floor":33,"key":"Block Potion"},{"floor":36,"key":"Strength Potion"}],"is_trial":false,"path_per_floor":["M","?","M","M","?","R","E","?","T","M","R","M","E","?","R","B",null,"M","?","?","M","M","R","M","E","T","?","?","E","$","?","R","B",null,"M","M","$","M","?","R","$","R","T","M","?","E","R","M","R","B"],"character_chosen":"WATCHER","items_purchased":["Eternal Feather","Tantrum","SandsOfTime","Fasting2+1"],"campfire_rested":0,"item_purchase_floors":[30,37,37,37],"current_hp_per_floor":[43,36,36,36,36,36,33,62,62,51,51,51,51,51,51,20,52,51,51,51,51,49,49,38,14,14,14,14,1,16,16,28,28,54,54,54,62,62,51,62,62,62,62,54,54,15,30,30,45,0],"gold":68,"neow_bonus":"ONE_RARE_RELIC","is_prod":false,"is_daily":false,"chose_seed":false,"campfire_upgraded":9,"win_rate":0,"timestamp":1694750020,"path_taken":["M","?","M","M","?","R","E","?","T","M","R","M","E","?","R","BOSS","M","?","?","M","M","R","M","E","T","?","?","E","$","?","R","BOSS","M","M","$","M","?","R","$","R","T","M","?","E","R","M","R","BOSS"],"build_version":"2022-12-18","purchased_purges":1,"victory":false,"max_hp_per_floor":[68,68,68,68,62,62,62,62,62,62,62,62,62,62,62,62,62,62,62,62,62,62,62,62,62,62,62,62,62,62,62,62,62,62,62,62,62,62,62,62,62,62,62,62,62,62,62,62,62,62],"card_choices":[{"not_picked":["JustLucky","DeceiveReality"],"picked":"CutThroughFate","floor":1.0},{"not_picked":["CutThroughFate","Protect"],"picked":"EmptyMind","floor":3.0},{"not_picked":["EmptyFist","ClearTheMind"],"picked":"LessonLearned","floor":4.0},{"not_picked":["PathToVictory","ClearTheMind"],"picked":"Halt","floor":7.0},{"not_picked":["Consecrate","EmptyBody"],"picked":"Meditate","floor":10},{"not_picked":["EmptyBody","Worship"],"picked":"Consecrate","floor":12},{"not_picked":["Protect","ClearTheMind"],"picked":"LikeWater+1","floor":13},{"not_picked":["MasterReality+1","Wish"],"picked":"SpiritShield","floor":16},{"not_picked":["PathToVictory+1","JustLucky"],"picked":"InnerPeace+1","floor":18},{"not_picked":["ClearTheMind","PathToVictory+1"],"picked":"CutThroughFate","floor":21},{"not_picked":["DevaForm+1","ClearTheMind"],"picked":"SashWhip","floor":22},{"not_picked":["Consecrate","CrushJoints"],"picked":"CarveReality","floor":24},{"not_picked":["Brilliance","SashWhip"],"picked":"WindmillStrike","floor":25},{"not_picked":["EmptyBody","Crescendo"],"picked":"Sanctity+1","floor":29},{"not_picked":["Halt+1","JustLucky"],"picked":"EmptyMind","floor":31},{"not_picked":["LessonLearned","DevaForm+1"],"picked":"Establishment+1","floor":33},{"not_picked":["Protect","FollowUp","PathToVictory"],"picked":"SKIP","floor":35},{"not_picked":["Collect","Prostrate","Conclude"],"picked":"SKIP","floor":36},{"not_picked":["Halt","SignatureMove"],"picked":"Tantrum+1","floor":38},{"not_picked":["WheelKick","ClearTheMind+1","FlyingSleeves"],"picked":"SKIP","floor":44},{"not_picked":["Nirvana+1","Meditate","Fasting2+1"],"picked":"SKIP","floor":46},{"not_picked":["SashWhip","CarveReality"],"picked":"TalkToTheHand","floor":48}],"player_experience":596657,"relics_obtained":[{"floor":7.0,"key":"Juzu Bracelet"},{"floor":9.0,"key":"Bag of Preparation"},{"floor":13,"key":"Frozen Egg 2"},{"floor":25,"key":"Bottled Flame"},{"floor":26,"key":"Darkstone Periapt"},{"floor":29,"key":"Shuriken"},{"floor":31,"key":"Ice Cream"},{"floor":31,"key":"Bottled Lightning"},{"floor":43,"key":"GoldenEye"},{"floor":46,"key":"Oddly Smooth Stone"}],"event_choices":[{"cards_removed":["Defend_P"],"damage_healed":0.0,"max_hp_gain":0.0,"max_hp_loss":0.0,"gold_gain":0.0,"event_name":"Golden Wing","player_choice":"Card Removal","floor":2.0,"gold_loss":0.0,"damage_taken":7.0},{"damage_healed":0.0,"max_hp_gain":0.0,"max_hp_loss":6.0,"gold_gain":0.0,"event_name":"Golden Idol","player_choice":"Lose Max HP","floor":5.0,"gold_loss":0.0,"damage_taken":0.0,"relics_obtained":["Golden Idol"]},{"cards_removed":["EmptyMind"],"damage_healed":29.0,"max_hp_gain":0.0,"max_hp_loss":0.0,"gold_gain":0.0,"event_name":"Bonfire Elementals","player_choice":"Offered Uncommon","floor":8.0,"gold_loss":0.0,"damage_taken":0.0},{"damage_healed":0,"gold_gain":0,"player_choice":"Searched \u00271\u0027 times","damage_taken":0,"relics_obtained":["MealTicket"],"max_hp_gain":0,"max_hp_loss":0,"event_name":"Dead Adventurer","floor":14,"gold_loss":0},{"damage_healed":0,"gold_gain":0,"player_choice":"Obtained Relic","damage_taken":0,"relics_obtained":["Mummified Hand"],"max_hp_gain":0,"max_hp_loss":0,"event_name":"Addict","floor":19,"gold_loss":85},{"cards_removed":["Strike_P"],"damage_healed":0,"gold_gain":0,"player_choice":"Gave Gold","damage_taken":0,"max_hp_gain":0,"max_hp_loss":0,"event_name":"Beggar","floor":20,"gold_loss":75},{"damage_healed":0,"gold_gain":0,"player_choice":"Ignored","damage_taken":0,"max_hp_gain":0,"max_hp_loss":0,"event_name":"Cursed Tome","floor":27,"gold_loss":0},{"cards_removed":["Defend_P"],"damage_healed":0,"gold_gain":0,"player_choice":"Elegance","damage_taken":0,"max_hp_gain":0,"max_hp_loss":0,"event_name":"Back to Basics","floor":28,"gold_loss":0},{"damage_healed":0,"gold_gain":0,"player_choice":"Fight","damage_taken":0,"max_hp_gain":0,"max_hp_loss":0,"event_name":"Colosseum","floor":31,"gold_loss":0},{"damage_healed":0,"gold_gain":0,"player_choice":"Fought Nobs","damage_taken":0,"max_hp_gain":0,"max_hp_loss":0,"event_name":"Colosseum","floor":31,"gold_loss":0},{"damage_healed":0,"gold_gain":0,"player_choice":"Embrace Madness","damage_taken":11,"max_hp_gain":0,"max_hp_loss":0,"event_name":"Winding Halls","floor":39,"gold_loss":0,"cards_obtained":["Madness","Madness"]},{"damage_healed":0,"gold_gain":0,"player_choice":"Paid","damage_taken":0,"relics_obtained":["Red Mask"],"max_hp_gain":0,"max_hp_loss":0,"event_name":"Tomb of Lord Red Mask","floor":45,"gold_loss":85}],"is_beta":false,"boss_relics":[{"not_picked":["Black Star","Velvet Choker"],"picked":"Astrolabe"},{"not_picked":["Tiny House","Calling Bell"],"picked":"Runic Dome"}],"items_purged_floors":[30],"is_endless":false,"potions_floor_spawned":[3,4,18,25,29,31,33,36,44,48],"killed_by":"Awakened One","ascension_level":20}