{"gold_per_floor":[114,39,39,50,9,9,39,114,137,155,155,169,169,169,169,169],"floor_reached":16,"playtime":376,"items_purged":["Defend_P"],"score":196,"play_id":"c7ac68cf-f383-4a68-8e68-7845ef9732d5","local_time":"20230914231449","is_ascension_mode":true,"campfire_choices":[{"data":"Eruption","floor":6,"key":"SMITH"},{"data":"Adaptation","floor":11,"key":"SMITH"},{"data":"WheelKick","floor":13,"key":"SMITH"},{"data":"Scrawl","floor":15,"key":"SMITH"}],"neow_cost":"NONE","seed_source_timestamp":103118461774200,"circlet_count":0,"master_deck":["AscendersBane","Strike_P","Strike_P","Strike_P","Strike_P","Defend_P","Defend_P","Eruption+1","Vigilance","WheelKick+1","Evaluate","Adaptation+1","Scrawl+1"],"relics":["PureWater","Toy Ornithopter","PreservedInsect"],"potions_floor_usage":[7,16],"damage_taken":[{"damage":0,"enemies":"Cultist","floor":1,"turns":2},{"damage":19,"enemies":"Jaw Worm","floor":4,"turns":4},{"damage":3,"enemies":"Gremlin Nob","floor":7,"turns":3},{"damage":0,"enemies":"2 Louse","floor":10,"turns":2},{"damage":0,"enemies":"2 Fungi Beasts","floor":12,"turns":2},{"damage":38,"enemies":"Hexaghost","floor":16,"turns":7}],"seed_played":"-7778807548515939088","potions_obtained":[{"floor":1,"key":"SteroidPotion"},{"floor":10,"key":"ColorlessPotion"}],"is_trial":false,"path_per_floor":["M","$","?","M","$","R","E","?","T","M","R","M","R","?","R","B"],"character_chosen":"WATCHER","items_purchased":["Adaptation"],"campfire_rested":0,"item_purchase_floors":[5],"current_hp_per_floor":[61,61,66,47,47,47,44,33,33,33,33,33,33,33,33,0],"gold":169,"neow_bonus":"TRANSFORM_CARD","is_prod":false,"is_daily":false,"chose_seed":false,"campfire_upgraded":4,"win_rate":0,"timestamp":1694758489,"path_taken":["M","?","?","M","$","R","E","?","T","M","R","M","R","?","R","BOSS"],"build_version":"2022-12-18","purchased_purges":1,"victory":false,"max_hp_per_floor":[68,68,73,73,73,73,73,73,73,73,73,73,73,73,73,73],"card_choices":[{"not_picked":["Pray","Halt"],"picked":"Evaluate","floor":1},{"not_picked":["WindmillStrike","EmptyBody","FlyingSleeves"],"picked":"SKIP","floor":4},{"not_picked":["TalkToTheHand","EmptyMind","Protect"],"picked":"SKIP","floor":7},{"not_picked":["SandsOfTime","Halt","ForeignInfluence"],"picked":"SKIP","floor":10},{"not_picked":["CrushJoints","SashWhip"],"picked":"Scrawl","floor":12}],"player_experience":607729,"relics_obtained":[{"floor":7,"key":"Toy Ornithopter"},{"floor":9,"key":"PreservedInsect"}],"event_choices":[{"damage_healed":0,"gold_gain":0,"player_choice":"Donut","damage_taken":0,"max_hp_gain":5,"max_hp_loss":0,"event_name":"Big Fish","floor":3,"gold_loss":0},{"damage_healed":0,"gold_gain":75,"player_choice":"Gather Gold","damage_taken":11,"max_hp_gain":0,"max_hp_loss":0,"event_name":"World of Goop","floor":8,"gold_loss":0},{"damage_healed":0,"gold_gain":0,"player_choice":"Fled","damage_taken":0,"max_hp_gain":0,"max_hp_loss":0,"event_name":"Scrap Ooze","floor":14,"gold_loss":0}],"is_beta":false,"boss_relics":[],"items_purged_floors":[2],"is_endless":false,"potions_floor_spawned":[1,10],"killed_by":"Hexaghost","ascension_level":20}