{"gold_per_floor":[212,230,249,260,277,303,303,334,334,334,334,334,20,33,33,130,130,146,166,81,6,6,38,38,57,83,113,123,123,150,150,150,250,300,312,264,486,63,82,82,111,111,111,111,126,158,177,191,191,191],"floor_reached":51,"playtime":2407,"items_purged":["Defend_P","Defend_P+1"],"score":968,"play_id":"34139887-eb71-4528-a8f5-8b037d16d275","local_time":"20230913041329","is_ascension_mode":true,"campfire_choices":[{"data":"Eruption","floor":7.0,"key":"SMITH"},{"data":"EmptyFist","floor":11.0,"key":"SMITH"},{"data":"SashWhip","floor":15.0,"key":"SMITH"},{"data":"Vigilance","floor":24.0,"key":"SMITH"},{"data":"Protect","floor":29.0,"key":"SMITH"},{"floor":32.0,"key":"REST"},{"floor":40.0,"key":"REST"},{"floor":44.0,"key":"REST"},{"floor":49,"key":"REST"}],"neow_cost":"NONE","seed_source_timestamp":270104910296200,"circlet_count":0,"master_deck":["Strike_P+1","Strike_P+1","Strike_P+1","Defend_P+1","Defend_P+1","Eruption+1","Vigilance+1","EmptyFist+1","SashWhip+1","PathToVictory+1","Protect+1","BowlingBash+1","Halt+1","ThirdEye+1","Protect+1","PathToVictory+1","Protect+1","ThirdEye+1","PathToVictory+1"],"special_seed":0,"relics":["PureWater","Bottled Lightning","StoneCalendar","Bottled Flame","Letter Opener","Singing Bowl","Philosopher\u0027s Stone","Toxic Egg 2","MutagenicStrength","Lizard Tail","Centennial Puzzle","Art of War","Red Mask","Tiny House","FossilizedHelix","Bag of Marbles","Calipers","Omamori"],"potions_floor_usage":[47,50,50],"damage_taken":[{"damage":1.0,"enemies":"Jaw Worm","floor":1.0,"turns":4.0},{"damage":7.0,"enemies":"Small Slimes","floor":2.0,"turns":3.0},{"damage":0.0,"enemies":"2 Louse","floor":3.0,"turns":2.0},{"damage":0.0,"enemies":"Blue Slaver","floor":4.0,"turns":4.0},{"damage":2.0,"enemies":"2 Fungi Beasts","floor":5.0,"turns":4.0},{"damage":0.0,"enemies":"3 Sentries","floor":6.0,"turns":4.0},{"damage":20.0,"enemies":"Lagavulin","floor":8.0,"turns":7.0},{"damage":5.0,"enemies":"Lots of Slimes","floor":14.0,"turns":3.0},{"damage":17.0,"enemies":"The Guardian","floor":16.0,"turns":9.0},{"damage":11.0,"enemies":"3 Byrds","floor":18.0,"turns":4.0},{"damage":0.0,"enemies":"Shell Parasite","floor":19.0,"turns":4.0},{"damage":54.0,"enemies":"Slavers","floor":23.0,"turns":6.0},{"damage":0.0,"enemies":"Cultist and Chosen","floor":25.0,"turns":3.0},{"damage":3.0,"enemies":"Gremlin Leader","floor":27.0,"turns":5.0},{"damage":1.0,"enemies":"Snake Plant","floor":28.0,"turns":3.0},{"damage":8.0,"enemies":"Masked Bandits","floor":30.0,"turns":4.0},{"damage":19.0,"enemies":"Automaton","floor":33.0,"turns":12.0},{"damage":0.0,"enemies":"3 Shapes","floor":35.0,"turns":3.0},{"damage":0.0,"enemies":"Orb Walker","floor":39.0,"turns":3.0},{"damage":35.0,"enemies":"Giant Head","floor":41.0,"turns":11.0},{"damage":0.0,"enemies":"Maw","floor":45.0,"turns":6.0},{"damage":0,"enemies":"Nemesis","floor":46,"turns":8},{"damage":0,"enemies":"3 Darklings","floor":47,"turns":3},{"damage":0,"enemies":"Jaw Worm Horde","floor":48,"turns":6},{"damage":60,"enemies":"Time Eater","floor":50,"turns":11}],"seed_played":"6877318018632865428","potions_obtained":[{"floor":2.0,"key":"AttackPotion"},{"floor":6.0,"key":"SpeedPotion"},{"floor":8.0,"key":"Swift Potion"},{"floor":14.0,"key":"BottledMiracle"},{"floor":23.0,"key":"DuplicationPotion"},{"floor":28.0,"key":"EssenceOfSteel"},{"floor":33.0,"key":"SkillPotion"},{"floor":34.0,"key":"Weak Potion"},{"floor":41.0,"key":"Weak Potion"},{"floor":47,"key":"Fruit Juice"}],"is_trial":false,"path_per_floor":["M","M","M","M","M","E","R","E","T","?","R","?","$","M","R","B",null,"M","M","?","?","?","E","R","M","T","E","M","R","?","?","R","B",null,"M","$","?","$","M","R","E","?","T","R","M","E","M","M","R","B",null],"character_chosen":"WATCHER","items_purchased":["Singing Bowl","PathToVictory+1","FossilizedHelix","Protect+1"],"campfire_rested":4,"item_purchase_floors":[13,36,38,38],"current_hp_per_floor":[71,64,64,64,62,62,62,42,42,30,30,30,30,25,25,10,74,65,67,67,67,67,13,13,15,15,12,11,11,3,3,27,10,89,91,91,91,91,91,91,58,58,58,85,87,89,96,96,104,44],"gold":191,"neow_bonus":"HUNDRED_GOLD","is_prod":false,"is_daily":false,"chose_seed":false,"campfire_upgraded":5,"win_rate":0,"timestamp":1694603609,"path_taken":["M","M","M","M","M","E","R","E","T","?","R","?","$","M","R","BOSS","M","M","?","?","?","E","R","M","T","E","M","R","?","?","R","BOSS","M","$","?","$","M","R","E","?","T","R","M","E","?","M","R","BOSS"],"build_version":"2022-12-18","purchased_purges":2,"victory":true,"max_hp_per_floor":[72,72,72,72,72,72,72,72,72,72,72,72,72,72,72,74,74,76,78,78,78,78,78,78,80,80,80,80,80,80,80,80,82,89,91,91,91,91,91,91,93,93,93,93,95,97,104,104,104,104],"card_choices":[{"not_picked":["CutThroughFate","EmptyMind"],"picked":"EmptyFist","floor":1.0},{"not_picked":["FlurryOfBlows","Collect","Vengeance"],"picked":"SKIP","floor":2.0},{"not_picked":["FollowUp","CutThroughFate"],"picked":"SashWhip","floor":3.0},{"not_picked":["Worship","EmptyBody","Crescendo"],"picked":"SKIP","floor":4.0},{"not_picked":["BowlingBash","Evaluate"],"picked":"PathToVictory","floor":5.0},{"not_picked":["DeceiveReality","Alpha","InnerPeace"],"picked":"SKIP","floor":6.0},{"not_picked":["EmptyFist","Prostrate","ForeignInfluence"],"picked":"SKIP","floor":8.0},{"not_picked":["Evaluate","JustLucky"],"picked":"Protect","floor":14.0},{"not_picked":["MasterReality","Ragnarok","DeusExMachina"],"picked":"Singing Bowl","floor":16.0},{"not_picked":["FlyingSleeves","Prostrate+1","ClearTheMind"],"picked":"Singing Bowl","floor":18.0},{"not_picked":["Fasting2","SandsOfTime","ForeignInfluence+1"],"picked":"Singing Bowl","floor":19.0},{"not_picked":["Wallop","WreathOfFlame+1"],"picked":"BowlingBash+1","floor":23.0},{"not_picked":["CutThroughFate","Prostrate+1","BowlingBash"],"picked":"Singing Bowl","floor":25.0},{"not_picked":["Weave","Worship+1"],"picked":"Halt+1","floor":27.0},{"not_picked":["CarveReality","Collect+1"],"picked":"ThirdEye+1","floor":28.0},{"not_picked":["ConjureBlade+1","Consecrate+1"],"picked":"Protect+1","floor":30.0},{"not_picked":["DeusExMachina+1","SpiritShield+1","Blasphemy+1"],"picked":"Singing Bowl","floor":33.0},{"not_picked":["WreathOfFlame+1","Consecrate","CrushJoints"],"picked":"Singing Bowl","floor":34.0},{"not_picked":["WindmillStrike+1","Nirvana+1","Consecrate"],"picked":"Singing Bowl","floor":35.0},{"not_picked":["ConjureBlade+1","BowlingBash"],"picked":"ThirdEye+1","floor":39.0},{"not_picked":["BattleHymn","Tantrum","Consecrate"],"picked":"Singing Bowl","floor":41.0},{"not_picked":["FlurryOfBlows+1","BowlingBash+1","FearNoEvil+1"],"picked":"Singing Bowl","floor":45.0},{"not_picked":["Vengeance+1","CrushJoints","SignatureMove"],"picked":"Singing Bowl","floor":46},{"not_picked":["Weave+1","Wallop","CarveReality"],"picked":"Singing Bowl","floor":47},{"not_picked":["Consecrate","CrushJoints"],"picked":"PathToVictory+1","floor":48}],"player_experience":573875,"relics_obtained":[{"floor":6.0,"key":"Bottled Lightning"},{"floor":8.0,"key":"StoneCalendar"},{"floor":9.0,"key":"Bottled Flame"},{"floor":23.0,"key":"Lizard Tail"},{"floor":26.0,"key":"Centennial Puzzle"},{"floor":27.0,"key":"Art of War"},{"floor":30.0,"key":"Red Mask"},{"floor":41.0,"key":"Bag of Marbles"},{"floor":43.0,"key":"Calipers"},{"floor":46,"key":"Omamori"}],"event_choices":[{"damage_healed":0.0,"max_hp_gain":0.0,"max_hp_loss":0.0,"gold_gain":0.0,"event_name":"Scrap Ooze","player_choice":"Success","floor":10.0,"gold_loss":0.0,"damage_taken":12.0,"relics_obtained":["Letter Opener"]},{"damage_healed":0.0,"max_hp_gain":0.0,"max_hp_loss":0.0,"gold_gain":0.0,"event_name":"Liars Game","player_choice":"Ignored","floor":12.0,"gold_loss":0.0,"damage_taken":0.0},{"damage_healed":0.0,"max_hp_gain":0.0,"max_hp_loss":0.0,"gold_gain":0.0,"event_name":"Addict","player_choice":"Obtained Relic","floor":20.0,"gold_loss":85.0,"damage_taken":0.0,"relics_obtained":["Toxic Egg 2"]},{"cards_removed":["Strike_P"],"damage_healed":0.0,"max_hp_gain":0.0,"max_hp_loss":0.0,"gold_gain":0.0,"event_name":"Beggar","player_choice":"Gave Gold","floor":21.0,"gold_loss":75.0,"damage_taken":0.0},{"damage_healed":0.0,"max_hp_gain":0.0,"max_hp_loss":0.0,"gold_gain":0.0,"event_name":"Drug Dealer","player_choice":"Inject Mutagens","floor":22.0,"gold_loss":0.0,"damage_taken":0.0,"relics_obtained":["MutagenicStrength"]},{"damage_healed":0.0,"max_hp_gain":0.0,"max_hp_loss":0.0,"gold_gain":0.0,"event_name":"Masked Bandits","player_choice":"Fought Bandits","floor":30.0,"gold_loss":0.0,"damage_taken":0.0},{"damage_healed":0.0,"max_hp_gain":0.0,"max_hp_loss":0.0,"gold_gain":0.0,"event_name":"Back to Basics","player_choice":"Simplicity","floor":31.0,"gold_loss":0.0,"damage_taken":0.0,"cards_upgraded":["Strike_P","Strike_P","Strike_P","Defend_P","Defend_P","Defend_P"]},{"damage_healed":0.0,"max_hp_gain":0.0,"max_hp_loss":0.0,"gold_gain":222.0,"event_name":"Tomb of Lord Red Mask","player_choice":"Wore Mask","floor":37.0,"gold_loss":0.0,"damage_taken":0.0},{"damage_healed":0.0,"max_hp_gain":0.0,"max_hp_loss":0.0,"gold_gain":0.0,"event_name":"Upgrade Shrine","player_choice":"Ignored","floor":42.0,"gold_loss":0.0,"damage_taken":0.0}],"is_beta":false,"boss_relics":[{"not_picked":["Astrolabe","Snecko Eye"],"picked":"Philosopher\u0027s Stone"},{"not_picked":["Calling Bell","HolyWater"],"picked":"Tiny House"}],"items_purged_floors":[13,38],"is_endless":false,"potions_floor_spawned":[2,6,8,14,23,28,33,41,46,47],"ascension_level":1}