{"gold_per_floor":[117,135,152,168,168,168,203,203,203,218,293,293,90,103,103,179,179,195,207,207,41,41,41,67,81,81,81,92,68,68,83,83,83],"floor_reached":33,"playtime":1130,"items_purged":["Strike_P"],"score":584,"play_id":"b4b216b3-9569-4bd3-a359-7210f17f51f9","local_time":"20230914230820","is_ascension_mode":true,"campfire_choices":[{"floor":6.0,"key":"REST"},{"data":"Eruption","floor":8,"key":"SMITH"},{"data":"WindmillStrike","floor":12,"key":"SMITH"},{"data":"SandsOfTime","floor":15,"key":"SMITH"},{"data":"Adaptation","floor":23,"key":"SMITH"},{"floor":27,"key":"REST"},{"data":"TalkToTheHand","floor":30,"key":"SMITH"},{"data":"Evaluate","floor":32,"key":"SMITH"}],"neow_cost":"PERCENT_DAMAGE","seed_source_timestamp":101930872889200,"circlet_count":0,"master_deck":["AscendersBane","Strike_P","Strike_P","Strike_P","Defend_P","Defend_P","Eruption+1","Vigilance+1","FearNoEvil","WindmillStrike+1","Evaluate+1","Judgement+1","FlurryOfBlows","Protect","Adaptation+1","Wallop+1","SandsOfTime+1","LessonLearned+1","TalkToTheHand+1","FearNoEvil","Perseverance","Crescendo","FlurryOfBlows+1"],"special_seed":0,"relics":["PureWater","Pen Nib","Ornamental Fan","Shuriken","Busted Crown","Bag of Preparation","WingedGreaves","Frozen Egg 2"],"potions_floor_usage":[33],"damage_taken":[{"damage":0.0,"enemies":"Cultist","floor":1.0,"turns":2.0},{"damage":2.0,"enemies":"Small Slimes","floor":2.0,"turns":3.0},{"damage":0.0,"enemies":"Jaw Worm","floor":3.0,"turns":2.0},{"damage":13.0,"enemies":"Exordium Wildlife","floor":4.0,"turns":3.0},{"damage":0,"enemies":"3 Sentries","floor":7,"turns":4},{"damage":2,"enemies":"Large Slime","floor":10,"turns":3},{"damage":1,"enemies":"Gremlin Gang","floor":14,"turns":3},{"damage":6,"enemies":"Hexaghost","floor":16,"turns":7},{"damage":4,"enemies":"3 Byrds","floor":18,"turns":4},{"damage":0,"enemies":"Chosen","floor":19,"turns":3},{"damage":34,"enemies":"Book of Stabbing","floor":24,"turns":5},{"damage":5,"enemies":"Sentry and Sphere","floor":25,"turns":5},{"damage":0,"enemies":"Snake Plant","floor":28,"turns":3},{"damage":0,"enemies":"Chosen and Byrds","floor":31,"turns":3},{"damage":50,"enemies":"Collector","floor":33,"turns":6}],"seed_played":"4267812368284443768","potions_obtained":[{"floor":3.0,"key":"Strength Potion"},{"floor":4.0,"key":"CultistPotion"},{"floor":25,"key":"CultistPotion"}],"is_trial":false,"path_per_floor":["M","M","M","M","?","R","E","R","T","M","T","R","$","M","R","B",null,"M","M","?","$","?","R","E","M","T","R","M","$","R","M","R","B"],"character_chosen":"WATCHER","items_purchased":["Adaptation","Wallop","Bag of Preparation","FlurryOfBlows"],"campfire_rested":2,"item_purchase_floors":[13,13,21,29],"current_hp_per_floor":[43,41,41,28,8,28,28,28,28,26,26,26,26,25,25,19,56,52,52,52,52,52,52,18,13,13,33,33,33,33,33,33,0],"gold":83,"neow_bonus":"REMOVE_TWO","is_prod":false,"is_daily":false,"chose_seed":false,"campfire_upgraded":6,"win_rate":0,"timestamp":1694758100,"path_taken":["M","?","M","M","?","R","E","R","T","M","?","R","$","M","R","BOSS","M","M","?","$","?","R","E","M","T","R","M","?","R","?","R","BOSS"],"build_version":"2022-12-18","purchased_purges":1,"victory":false,"max_hp_per_floor":[68,68,68,68,68,68,68,68,68,68,68,68,68,68,68,68,68,68,68,68,68,68,68,68,68,68,68,68,68,68,68,68,68],"card_choices":[{"not_picked":["Crescendo","Vengeance"],"picked":"FearNoEvil","floor":1.0},{"not_picked":["WaveOfTheHand","EmptyBody"],"picked":"WindmillStrike","floor":2.0},{"not_picked":["CrushJoints","Fasting2"],"picked":"Evaluate","floor":3.0},{"not_picked":["Halt","Protect"],"picked":"Judgement","floor":4.0},{"not_picked":["Weave","Prostrate"],"picked":"FlurryOfBlows","floor":7},{"not_picked":["Crescendo","Nirvana"],"picked":"Protect","floor":10},{"not_picked":["Prostrate","CutThroughFate"],"picked":"SandsOfTime","floor":14},{"not_picked":["Omniscience","Vault"],"picked":"LessonLearned","floor":16},{"not_picked":["Evaluate"],"picked":"SKIP","floor":18},{"not_picked":["JustLucky"],"picked":"SKIP","floor":19},{"not_picked":[],"picked":"FearNoEvil","floor":24},{"not_picked":[],"picked":"Perseverance","floor":25},{"not_picked":[],"picked":"Crescendo","floor":28},{"not_picked":["PathToVictory"],"picked":"SKIP","floor":31}],"player_experience":606599,"relics_obtained":[{"floor":7,"key":"Pen Nib"},{"floor":9,"key":"Ornamental Fan"},{"floor":11,"key":"Shuriken"},{"floor":24,"key":"WingedGreaves"},{"floor":26,"key":"Frozen Egg 2"}],"event_choices":[{"damage_healed":0.0,"max_hp_gain":0.0,"max_hp_loss":0.0,"gold_gain":0.0,"event_name":"Shining Light","player_choice":"Entered Light","floor":5.0,"gold_loss":0.0,"damage_taken":20.0,"cards_upgraded":["Judgement","Vigilance"]},{"damage_healed":0,"gold_gain":0,"player_choice":"Ignored","damage_taken":0,"max_hp_gain":0,"max_hp_loss":0,"event_name":"Beggar","floor":20,"gold_loss":0},{"damage_healed":0,"gold_gain":0,"player_choice":"Read","damage_taken":0,"max_hp_gain":0,"max_hp_loss":0,"event_name":"The Library","floor":22,"gold_loss":0,"cards_obtained":["TalkToTheHand"]}],"is_beta":false,"boss_relics":[{"not_picked":["SlaversCollar","Snecko Eye"],"picked":"Busted Crown"}],"items_purged_floors":[13],"is_endless":false,"potions_floor_spawned":[3,4,10,14,19,25,28,31],"killed_by":"Collector","ascension_level":20}