{"gold_per_floor":[111,124,52,52,2,29,29,63,111,146,164,194,204,232,232,332,332,332,332,257,257,257,257,257,257,257,257,257,257,257,257,257,257,257,257,257,257,66,66,66,66,66,66,66,66,66,66,66,66,66,66,66,30,30,30],"floor_reached":56,"playtime":3923,"items_purged":["Strike_P"],"score":2045,"play_id":"d64448f0-abdc-47b2-b07b-0169b2e87a40","local_time":"20230922192728","is_ascension_mode":true,"campfire_choices":[{"data":"FollowUp","floor":7,"key":"SMITH"},{"data":"WheelKick","floor":15,"key":"SMITH"},{"data":"Scrawl","floor":23,"key":"SMITH"},{"data":"Halt","floor":28,"key":"SMITH"},{"data":"Eruption","floor":30,"key":"SMITH"},{"data":"EmptyFist","floor":32,"key":"SMITH"},{"data":"FlurryOfBlows","floor":40,"key":"SMITH"},{"floor":45,"key":"RECALL"},{"floor":49,"key":"REST"},{"floor":52,"key":"REST"}],"neow_cost":"TEN_PERCENT_HP_LOSS","seed_source_timestamp":487599091250300,"circlet_count":0,"master_deck":["Strike_P+1","Strike_P+1","Strike_P+1","Defend_P+1","Eruption+1","Vigilance+1","MentalFortress+1","FollowUp+1","ThirdEye+1","Tantrum+1","WheelKick+1","LessonLearned+1","CrushJoints+1","ThirdEye+1","FlurryOfBlows+1","Scrawl+1","Halt+1","Wallop+1","EmptyFist+1","Meditate+1","InnerPeace+1","FlurryOfBlows+1","CutThroughFate+1","Halt+1","WaveOfTheHand"],"relics":["PureWater","Strawberry","Happy Flower","Bronze Scales","Letter Opener","Pear","InkBottle","Ectoplasm","Sundial","Kunai","Toy Ornithopter","Eternal Feather","SacredBark","Dead Branch","PreservedInsect","CaptainsWheel","Oddly Smooth Stone","Regal Pillow","Bag of Preparation"],"potions_floor_usage":[14,24,27,33,36,55],"damage_taken":[{"damage":4,"enemies":"Jaw Worm","floor":1,"turns":3},{"damage":0,"enemies":"2 Louse","floor":2,"turns":1},{"damage":28,"enemies":"3 Sentries","floor":6,"turns":5},{"damage":0,"enemies":"Gremlin Nob","floor":8,"turns":2},{"damage":0,"enemies":"Lagavulin","floor":10,"turns":5},{"damage":0,"enemies":"Small Slimes","floor":11,"turns":2},{"damage":0,"enemies":"Gremlin Nob","floor":12,"turns":2},{"damage":3,"enemies":"Blue Slaver","floor":13,"turns":2},{"damage":0,"enemies":"3 Sentries","floor":14,"turns":2},{"damage":0,"enemies":"Slime Boss","floor":16,"turns":6},{"damage":0,"enemies":"Chosen","floor":18,"turns":4},{"damage":0,"enemies":"Spheric Guardian","floor":21,"turns":2},{"damage":4,"enemies":"Cultist and Chosen","floor":22,"turns":3},{"damage":4,"enemies":"Snake Plant","floor":24,"turns":2},{"damage":0,"enemies":"Chosen and Byrds","floor":25,"turns":3},{"damage":0,"enemies":"Slavers","floor":27,"turns":2},{"damage":0,"enemies":"Gremlin Leader","floor":29,"turns":3},{"damage":0,"enemies":"Slavers","floor":31,"turns":2},{"damage":0,"enemies":"Automaton","floor":33,"turns":4},{"damage":0,"enemies":"3 Shapes","floor":35,"turns":3},{"damage":0,"enemies":"2 Orb Walkers","floor":36,"turns":3},{"damage":0,"enemies":"Giant Head","floor":41,"turns":4},{"damage":0,"enemies":"3 Darklings","floor":42,"turns":2},{"damage":0,"enemies":"Nemesis","floor":44,"turns":3},{"damage":1,"enemies":"Jaw Worm Horde","floor":46,"turns":3},{"damage":0,"enemies":"Maw","floor":47,"turns":4},{"damage":0,"enemies":"Reptomancer","floor":48,"turns":2},{"damage":13,"enemies":"Time Eater","floor":50,"turns":8},{"damage":0,"enemies":"Shield and Spear","floor":54,"turns":3},{"damage":43,"enemies":"The Heart","floor":55,"turns":8}],"seed_played":"-8150122103775204379","potions_obtained":[{"floor":8,"key":"Ancient Potion"},{"floor":10,"key":"Block Potion"},{"floor":11,"key":"DistilledChaos"},{"floor":14,"key":"ColorlessPotion"},{"floor":22,"key":"Energy Potion"},{"floor":25,"key":"Strength Potion"},{"floor":27,"key":"Ambrosia"},{"floor":29,"key":"Swift Potion"},{"floor":33,"key":"Swift Potion"},{"floor":46,"key":"BottledMiracle"}],"is_trial":false,"path_per_floor":["M","M","$","?","?","E","R","E","T","E","M","E","M","E","R","B",null,"M","?","$","M","M","R","M","M","T","E","R","E","R","E","R","B",null,"M","?","?","$","$","R","E","M","T","E","R","M","M","E","R","B",null,"R","$","E","B",null],"character_chosen":"WATCHER","items_purchased":["Tantrum","FlurryOfBlows","PreservedInsect","WaveOfTheHand"],"campfire_rested":2,"item_purchase_floors":[3,38,38,53],"current_hp_per_floor":[61,61,61,61,61,40,40,40,40,40,40,50,47,47,47,47,73,73,73,73,73,69,69,65,65,65,65,65,65,65,65,77,82,82,82,82,78,78,78,78,78,78,78,78,78,77,77,77,78,65,75,78,78,78,40],"gold":30,"neow_bonus":"TRANSFORM_TWO_CARDS","is_prod":false,"is_daily":false,"chose_seed":false,"campfire_upgraded":7,"win_rate":0,"timestamp":1695436048,"path_taken":["M","M","$","?","?","E","R","E","T","E","M","E","M","E","R","BOSS","M","?","$","M","M","R","M","M","T","E","R","E","R","E","R","BOSS","M","?","?","?","$","R","E","M","T","E","R","M","?","E","R","BOSS","R","$","E","BOSS"],"build_version":"2022-12-18","purchased_purges":1,"victory":true,"max_hp_per_floor":[65,65,65,65,65,72,72,72,72,72,72,82,82,82,82,82,82,82,82,82,82,82,82,82,82,82,82,82,82,82,82,82,82,82,82,82,78,78,78,78,78,78,78,78,78,78,78,78,78,78,78,78,78,78,78],"card_choices":[{"not_picked":["ThirdEye","Collect"],"picked":"FollowUp","floor":1},{"not_picked":["Protect","EmptyBody"],"picked":"ThirdEye","floor":2},{"not_picked":["FlyingSleeves","LikeWater","Consecrate"],"picked":"SKIP","floor":6},{"not_picked":["WreathOfFlame","FlyingSleeves"],"picked":"WheelKick","floor":8},{"not_picked":["CutThroughFate","BowlingBash"],"picked":"LessonLearned","floor":10},{"not_picked":["Pray","SandsOfTime"],"picked":"CrushJoints","floor":11},{"not_picked":["SignatureMove","FlyingSleeves","Weave"],"picked":"SKIP","floor":12},{"not_picked":["Prostrate","ThirdEye","FollowUp"],"picked":"SKIP","floor":13},{"not_picked":["Prostrate","FollowUp"],"picked":"ThirdEye","floor":13},{"not_picked":["CrushJoints","DeusExMachina"],"picked":"FlurryOfBlows","floor":14},{"not_picked":["SpiritShield","Establishment"],"picked":"Scrawl","floor":16},{"not_picked":["CrushJoints","FlyingSleeves"],"picked":"Halt","floor":18},{"not_picked":["Crescendo+1","BowlingBash+1"],"picked":"Wallop+1","floor":21},{"not_picked":["BowlingBash","Protect","Evaluate"],"picked":"SKIP","floor":22},{"not_picked":["Prostrate+1","WreathOfFlame"],"picked":"EmptyFist","floor":24},{"not_picked":["Evaluate+1","Crescendo","SandsOfTime"],"picked":"SKIP","floor":25},{"not_picked":["Blasphemy","EmptyBody","CarveReality"],"picked":"SKIP","floor":27},{"not_picked":["Prostrate","PathToVictory+1"],"picked":"Meditate","floor":29},{"not_picked":["Crescendo+1","EmptyBody","LikeWater"],"picked":"SKIP","floor":31},{"not_picked":["EmptyFist+1","Prostrate+1"],"picked":"InnerPeace+1","floor":35},{"not_picked":["Worship","Wireheading"],"picked":"CutThroughFate+1","floor":41},{"not_picked":["Consecrate+1","JustLucky","MasterReality"],"picked":"SKIP","floor":42},{"not_picked":["WindmillStrike","WreathOfFlame+1","JustLucky+1"],"picked":"SKIP","floor":44},{"not_picked":["JustLucky","Study+1","ClearTheMind"],"picked":"SKIP","floor":46},{"not_picked":["FearNoEvil+1","Worship+1"],"picked":"Halt","floor":47},{"not_picked":["Establishment","CarveReality","EmptyBody"],"picked":"SKIP","floor":48},{"not_picked":["LikeWater+1","Vengeance+1","Fasting2"],"picked":"SKIP","floor":54}],"player_experience":699852,"relics_obtained":[{"floor":6,"key":"Strawberry"},{"floor":8,"key":"Happy Flower"},{"floor":9,"key":"Bronze Scales"},{"floor":10,"key":"Letter Opener"},{"floor":12,"key":"Pear"},{"floor":14,"key":"InkBottle"},{"floor":26,"key":"Sundial"},{"floor":27,"key":"Kunai"},{"floor":29,"key":"Toy Ornithopter"},{"floor":31,"key":"Eternal Feather"},{"floor":36,"key":"Dead Branch"},{"floor":41,"key":"CaptainsWheel"},{"floor":44,"key":"Oddly Smooth Stone"},{"floor":48,"key":"Regal Pillow"},{"floor":54,"key":"Bag of Preparation"}],"event_choices":[{"cards_removed":["Wireheading"],"damage_healed":0,"gold_gain":0,"player_choice":"Forget","damage_taken":0,"max_hp_gain":0,"max_hp_loss":0,"event_name":"Living Wall","floor":4,"gold_loss":0},{"cards_removed":["Defend_P"],"damage_healed":0,"gold_gain":0,"player_choice":"Card Removal","damage_taken":0,"max_hp_gain":0,"max_hp_loss":0,"event_name":"The Cleric","floor":5,"gold_loss":50},{"damage_healed":0,"gold_gain":0,"player_choice":"Fight","damage_taken":0,"max_hp_gain":0,"max_hp_loss":0,"event_name":"Mysterious Sphere","floor":36,"gold_loss":0},{"damage_healed":0,"gold_gain":0,"player_choice":"Max HP","damage_taken":0,"max_hp_gain":0,"max_hp_loss":4,"event_name":"Winding Halls","floor":37,"gold_loss":0}],"is_beta":false,"boss_relics":[{"not_picked":["Runic Dome","Busted Crown"],"picked":"Ectoplasm"},{"not_picked":["Astrolabe","Cursed Key"],"picked":"SacredBark"}],"items_purged_floors":[20],"is_endless":false,"potions_floor_spawned":[8,10,11,13,14,22,25,27,29,33,35,46,47,54],"ascension_level":6}