{"gold_per_floor":[109,122,140,140,153,153,188,188,214,214,164,208,224,268,268,388,388,413,426,426,351,369,412,412,337,337,358,358,391,291,307,307,436,436,456,789,800,818,831,857,857,429,429,429,479,490,195,228,228,228,228,228,53,78,78],"floor_reached":56,"playtime":2332,"items_purged":["Strike_P","Defend_P","Strike_P+1","Strike_P+1","Defend_P+1"],"score":2232,"play_id":"3d4e03b1-46ee-4bd9-89bc-65f075acd205","local_time":"20230926025643","is_ascension_mode":true,"campfire_choices":[{"data":"EmptyFist","floor":6,"key":"SMITH"},{"data":"CrushJoints","floor":8,"key":"SMITH"},{"data":"BowlingBash","floor":10,"key":"SMITH"},{"data":"Adaptation","floor":15,"key":"SMITH"},{"data":"Scrawl","floor":24,"key":"SMITH"},{"data":"MentalFortress","floor":28,"key":"SMITH"},{"floor":32,"key":"RECALL"},{"data":"Sanctity","floor":41,"key":"SMITH"},{"floor":44,"key":"REST"},{"floor":49,"key":"REST"},{"floor":52,"key":"REST"}],"neow_cost":"NONE","seed_source_timestamp":775364203526700,"circlet_count":0,"master_deck":["Eruption+1","Vigilance+1","CrushJoints+1","BowlingBash+1","EmptyFist+1","Sanctity+1","Adaptation+1","Scrawl+1","Adaptation+1","MentalFortress+1"],"relics":["PureWater","Strawberry","Ancient Tea Set","War Paint","Whetstone","VioletLotus","Pantograph","Bag of Preparation","Runic Pyramid","Bottled Lightning","TungstenRod","Frozen Egg 2","Ginger","Vajra","Shuriken","Akabeko"],"potions_floor_usage":[7,23,29,55,55,55],"damage_taken":[{"damage":2,"enemies":"Jaw Worm","floor":1,"turns":5},{"damage":0,"enemies":"2 Louse","floor":2,"turns":1},{"damage":0,"enemies":"Small Slimes","floor":3,"turns":3},{"damage":0,"enemies":"Exordium Wildlife","floor":5,"turns":2},{"damage":0,"enemies":"Gremlin Nob","floor":7,"turns":2},{"damage":0,"enemies":"Lagavulin","floor":12,"turns":3},{"damage":2,"enemies":"Blue Slaver","floor":13,"turns":3},{"damage":20,"enemies":"Gremlin Nob","floor":14,"turns":3},{"damage":16,"enemies":"The Guardian","floor":16,"turns":6},{"damage":0,"enemies":"Chosen","floor":18,"turns":2},{"damage":0,"enemies":"3 Byrds","floor":19,"turns":4},{"damage":17,"enemies":"Snake Plant","floor":22,"turns":3},{"damage":16,"enemies":"Book of Stabbing","floor":23,"turns":4},{"damage":0,"enemies":"Snecko","floor":27,"turns":2},{"damage":15,"enemies":"Slavers","floor":29,"turns":5},{"damage":0,"enemies":"Chosen and Byrds","floor":31,"turns":1},{"damage":0,"enemies":"Collector","floor":33,"turns":1},{"damage":0,"enemies":"Orb Walker","floor":35,"turns":2},{"damage":0,"enemies":"3 Shapes","floor":37,"turns":1},{"damage":0,"enemies":"Transient","floor":38,"turns":4},{"damage":0,"enemies":"Sphere and 2 Shapes","floor":39,"turns":1},{"damage":0,"enemies":"Giant Head","floor":40,"turns":2},{"damage":0,"enemies":"Mind Bloom Boss Battle","floor":45,"turns":1},{"damage":0,"enemies":"Spire Growth","floor":46,"turns":2},{"damage":0,"enemies":"Reptomancer","floor":48,"turns":1},{"damage":0,"enemies":"Awakened One","floor":50,"turns":3},{"damage":0,"enemies":"Shield and Spear","floor":54,"turns":1},{"damage":0,"enemies":"The Heart","floor":55,"turns":3}],"seed_played":"5692790828841862529","potions_obtained":[{"floor":1,"key":"Strength Potion"},{"floor":2,"key":"AttackPotion"},{"floor":5,"key":"LiquidBronze"},{"floor":27,"key":"Swift Potion"},{"floor":29,"key":"Regen Potion"},{"floor":31,"key":"DistilledChaos"},{"floor":38,"key":"Strength Potion"}],"is_trial":false,"path_per_floor":["M","M","M","?","M","R","E","R","T","R","?","E","M","E","R","B",null,"M","M","?","?","M","E","R","$","T","M","R","E","$","M","R","B",null,"M","?","M","M","M","E","R","$","T","R","?","M","$","E","R","B",null,"R","$","E","B",null],"character_chosen":"WATCHER","items_purchased":["TungstenRod","Vajra"],"campfire_rested":3,"item_purchase_floors":[42,47],"current_hp_per_floor":[63,63,63,63,63,63,70,70,70,70,70,70,68,48,48,32,64,64,64,64,64,47,31,31,31,31,31,31,16,16,16,16,41,66,66,66,66,66,66,66,66,66,66,74,74,74,74,74,74,74,74,74,74,74,74],"gold":78,"neow_bonus":"UPGRADE_CARD","is_prod":false,"is_daily":false,"chose_seed":false,"campfire_upgraded":7,"win_rate":0,"timestamp":1695722203,"path_taken":["M","M","M","?","M","R","E","R","T","R","?","E","M","E","R","BOSS","M","M","?","?","M","E","R","$","T","M","R","E","$","M","R","BOSS","M","?","M","M","M","E","R","$","T","R","?","?","$","E","R","BOSS","R","$","E","BOSS"],"build_version":"2022-12-18","purchased_purges":5,"victory":true,"max_hp_per_floor":[72,72,72,67,67,67,74,74,74,74,74,74,74,74,74,74,74,74,74,74,74,74,74,74,74,74,74,74,74,74,74,74,74,74,74,74,74,74,74,74,74,74,74,74,74,74,74,74,74,74,74,74,74,74,74],"card_choices":[{"not_picked":["Wireheading","SandsOfTime"],"picked":"CrushJoints","floor":1},{"not_picked":["CrushJoints","ClearTheMind"],"picked":"BowlingBash","floor":2},{"not_picked":["BowlingBash","Crescendo"],"picked":"EmptyFist","floor":3},{"not_picked":["SashWhip","Perseverance"],"picked":"Sanctity","floor":5},{"not_picked":["Swivel","Halt","JustLucky"],"picked":"SKIP","floor":7},{"not_picked":["JustLucky","LikeWater"],"picked":"Adaptation","floor":12},{"not_picked":["CarveReality","Fasting2","FlurryOfBlows"],"picked":"SKIP","floor":13},{"not_picked":["BowlingBash","FlyingSleeves","SashWhip"],"picked":"SKIP","floor":14},{"not_picked":["MasterReality","Brilliance"],"picked":"Scrawl","floor":16},{"not_picked":["ClearTheMind","BattleHymn","CrushJoints"],"picked":"SKIP","floor":18},{"not_picked":["FlyingSleeves","BowlingBash"],"picked":"Adaptation+1","floor":19},{"not_picked":["Crescendo","BowlingBash","Indignation"],"picked":"SKIP","floor":22},{"not_picked":["Wallop","Tantrum","FlyingSleeves"],"picked":"SKIP","floor":23},{"not_picked":["Indignation","ClearTheMind"],"picked":"MentalFortress","floor":27},{"not_picked":["JustLucky+1","WheelKick","TalkToTheHand+1"],"picked":"SKIP","floor":29},{"not_picked":["Consecrate","MentalFortress+1","EmptyBody"],"picked":"SKIP","floor":31},{"not_picked":["FollowUp+1","InnerPeace+1","ClearTheMind+1"],"picked":"SKIP","floor":35},{"not_picked":["Conclude","FlyingSleeves+1","CrushJoints"],"picked":"SKIP","floor":37},{"not_picked":["Protect+1","EmptyFist+1","EmptyBody+1"],"picked":"SKIP","floor":38},{"not_picked":["Adaptation+1","ReachHeaven+1","Halt+1"],"picked":"SKIP","floor":39},{"not_picked":["Prostrate+1","TalkToTheHand+1","Crescendo"],"picked":"SKIP","floor":40},{"not_picked":["EmptyBody+1","CrushJoints+1","SashWhip+1"],"picked":"SKIP","floor":46},{"not_picked":["Fasting2+1","MentalFortress+1","EmptyMind"],"picked":"SKIP","floor":48},{"not_picked":["EmptyBody","Pray+1","Protect"],"picked":"SKIP","floor":54}],"player_experience":761260,"relics_obtained":[{"floor":7,"key":"Strawberry"},{"floor":9,"key":"Ancient Tea Set"},{"floor":12,"key":"War Paint"},{"floor":14,"key":"Whetstone"},{"floor":23,"key":"Pantograph"},{"floor":29,"key":"Bag of Preparation"},{"floor":40,"key":"Bottled Lightning"},{"floor":43,"key":"Frozen Egg 2"},{"floor":45,"key":"Ginger"},{"floor":48,"key":"Shuriken"},{"floor":54,"key":"Akabeko"}],"event_choices":[{"damage_healed":0,"gold_gain":0,"player_choice":"Lose Max HP","damage_taken":0,"relics_obtained":["Golden Idol"],"max_hp_gain":0,"max_hp_loss":5,"event_name":"Golden Idol","floor":4,"gold_loss":0},{"cards_removed":["Defend_P"],"damage_healed":0,"gold_gain":0,"player_choice":"Card Removal","damage_taken":0,"max_hp_gain":0,"max_hp_loss":0,"event_name":"The Cleric","floor":11,"gold_loss":50},{"cards_removed":["Strike_P"],"damage_healed":0,"gold_gain":0,"player_choice":"Elegance","damage_taken":0,"max_hp_gain":0,"max_hp_loss":0,"event_name":"Back to Basics","floor":20,"gold_loss":0},{"cards_removed":["Defend_P"],"damage_healed":0,"gold_gain":0,"player_choice":"Gave Gold","damage_taken":0,"max_hp_gain":0,"max_hp_loss":0,"event_name":"Beggar","floor":21,"gold_loss":75},{"damage_healed":0,"gold_gain":333,"player_choice":"Gave Idol","damage_taken":0,"max_hp_gain":0,"max_hp_loss":0,"event_name":"The Moai Head","floor":36,"relics_lost":["Golden Idol"],"gold_loss":0},{"damage_healed":0,"gold_gain":0,"player_choice":"Fight","damage_taken":0,"max_hp_gain":0,"max_hp_loss":0,"event_name":"MindBloom","floor":45,"gold_loss":0}],"is_beta":false,"boss_relics":[{"not_picked":["Calling Bell","Fusion Hammer"],"picked":"VioletLotus"},{"not_picked":["Busted Crown","Sozu"],"picked":"Runic Pyramid"}],"items_purged_floors":[25,30,42,47,53],"is_endless":false,"potions_floor_spawned":[1,2,5,27,29,31,33,35,38,45,54],"ascension_level":9}