{"gold_per_floor":[10,10,27,47,59,59,72,107,107,107,120,149,224,253,253,355,355,369,369,369,384,44,44,76,88,163,181,181,207,307,323,323,426,426,438,453,470,482,532,532,552,298,298,298,323,32,32,32,32,32,32,32,32,63,63],"floor_reached":56,"playtime":2958,"items_purged":["Strike_P","Strike_P","Defend_P"],"score":1817,"play_id":"c8e01cef-5798-4a15-bea3-b1dc354eb142","local_time":"20230923210331","is_ascension_mode":true,"campfire_choices":[{"data":"EmptyFist","floor":6,"key":"SMITH"},{"data":"FollowUp","floor":10,"key":"SMITH"},{"data":"SandsOfTime","floor":15,"key":"SMITH"},{"data":"RitualDagger","floor":23,"key":"SMITH"},{"data":"Scrawl","floor":28,"key":"SMITH"},{"data":"Adaptation","floor":32,"key":"SMITH"},{"data":"TalkToTheHand","floor":40,"key":"SMITH"},{"data":"Vault","floor":44,"key":"SMITH"},{"data":"Tantrum","floor":47,"key":"SMITH"},{"floor":49,"key":"RECALL"},{"data":"MentalFortress","floor":52,"key":"SMITH"}],"neow_cost":"NO_GOLD","seed_source_timestamp":580732765483000,"circlet_count":0,"master_deck":["Strike_P","Defend_P","Eruption+1","Vigilance","SandsOfTime+1","FollowUp+1","EmptyFist+1","BowlingBash","Adaptation","Halt","CutThroughFate","Meditate","DeceiveReality","Scrawl+1","RitualDagger+1","TalkToTheHand+1","Adaptation+1","Vault+1","CrushJoints+1","FearNoEvil+1","Tantrum+1","CutThroughFate+1","MentalFortress+1","Scrawl","ForeignInfluence+1"],"relics":["HolyWater","Nunchaku","HornCleat","StrikeDummy","Bottled Lightning","VioletLotus","Strange Spoon","Meat on the Bone","Kunai","Red Mask","GoldenEye","Medical Kit","Anchor","Membership Card","Bronze Scales"],"potions_floor_usage":[12,21,24,55,55,55],"damage_taken":[{"damage":4,"enemies":"Small Slimes","floor":1,"turns":2},{"damage":4,"enemies":"2 Louse","floor":3,"turns":2},{"damage":7,"enemies":"Jaw Worm","floor":4,"turns":2},{"damage":0,"enemies":"2 Fungi Beasts","floor":5,"turns":2},{"damage":6,"enemies":"3 Louse","floor":7,"turns":2},{"damage":7,"enemies":"3 Sentries","floor":8,"turns":4},{"damage":3,"enemies":"Lots of Slimes","floor":11,"turns":3},{"damage":7,"enemies":"Lagavulin","floor":12,"turns":5},{"damage":0,"enemies":"Gremlin Nob","floor":14,"turns":2},{"damage":0,"enemies":"Hexaghost","floor":16,"turns":7},{"damage":0,"enemies":"Chosen","floor":18,"turns":3},{"damage":0,"enemies":"Spheric Guardian","floor":21,"turns":3},{"damage":0,"enemies":"Gremlin Leader","floor":24,"turns":3},{"damage":18,"enemies":"Centurion and Healer","floor":25,"turns":3},{"damage":0,"enemies":"Snecko","floor":27,"turns":2},{"damage":10,"enemies":"Masked Bandits","floor":29,"turns":2},{"damage":13,"enemies":"Snake Plant","floor":31,"turns":2},{"damage":0,"enemies":"Automaton","floor":33,"turns":6},{"damage":0,"enemies":"3 Shapes","floor":35,"turns":3},{"damage":12,"enemies":"Orb Walker","floor":36,"turns":2},{"damage":1,"enemies":"Sphere and 2 Shapes","floor":37,"turns":7},{"damage":0,"enemies":"Jaw Worm Horde","floor":38,"turns":3},{"damage":0,"enemies":"Mind Bloom Boss Battle","floor":39,"turns":3},{"damage":0,"enemies":"Spire Growth","floor":41,"turns":4},{"damage":0,"enemies":"Reptomancer","floor":45,"turns":2},{"damage":29,"enemies":"Time Eater","floor":50,"turns":5},{"damage":0,"enemies":"Shield and Spear","floor":54,"turns":2},{"damage":7,"enemies":"The Heart","floor":55,"turns":7}],"seed_played":"6703961652476327818","potions_obtained":[{"floor":3,"key":"Regen Potion"},{"floor":5,"key":"Dexterity Potion"},{"floor":11,"key":"GamblersBrew"},{"floor":12,"key":"DuplicationPotion"},{"floor":21,"key":"ColorlessPotion"},{"floor":24,"key":"Ancient Potion"},{"floor":33,"key":"Strength Potion"},{"floor":38,"key":"SteroidPotion"}],"is_trial":false,"path_per_floor":["M","?","M","M","M","R","M","E","T","R","M","E","?","E","R","B",null,"M","?","?","M","$","R","E","M","T","M","R","?","?","M","R","B",null,"M","M","M","M","?","R","M","$","T","R","E","$","R","?","R","B",null,"R","$","E","B",null],"character_chosen":"WATCHER","items_purchased":["TalkToTheHand","Adaptation","Strange Spoon","Medical Kit","Membership Card","Scrawl"],"campfire_rested":0,"item_purchase_floors":[22,22,22,42,46,46],"current_hp_per_floor":[61,61,57,50,50,50,44,37,37,37,34,41,30,30,30,30,62,62,56,56,56,56,56,56,38,38,38,38,40,40,39,39,39,64,64,52,51,51,51,51,51,51,51,51,51,51,51,51,51,34,63,63,63,63,56],"gold":63,"neow_bonus":"REMOVE_TWO","is_prod":false,"is_daily":false,"chose_seed":false,"campfire_upgraded":10,"win_rate":0,"timestamp":1695528211,"path_taken":["M","?","M","M","M","R","M","E","T","R","M","E","?","E","R","BOSS","M","?","?","M","$","R","E","?","T","M","R","?","?","M","R","BOSS","M","M","?","M","?","R","M","$","T","R","E","$","R","?","R","BOSS","R","$","E","BOSS"],"build_version":"2022-12-18","purchased_purges":3,"victory":true,"max_hp_per_floor":[72,72,72,72,72,72,72,72,72,72,72,72,72,72,72,72,72,72,72,72,72,72,72,72,72,72,72,72,72,72,72,72,72,72,72,72,72,72,72,72,72,72,72,72,72,72,72,72,72,72,72,72,72,72,72],"card_choices":[{"not_picked":["SashWhip","Evaluate"],"picked":"SandsOfTime","floor":1},{"not_picked":["FlurryOfBlows","Evaluate"],"picked":"FollowUp","floor":3},{"not_picked":["PathToVictory","MentalFortress"],"picked":"EmptyFist","floor":4},{"not_picked":["FlyingSleeves","SignatureMove"],"picked":"BowlingBash","floor":5},{"not_picked":["Perseverance","Study"],"picked":"Adaptation","floor":7},{"not_picked":["Brilliance","CutThroughFate"],"picked":"Halt","floor":8},{"not_picked":["Pray","EmptyBody"],"picked":"CutThroughFate","floor":11},{"not_picked":["EmptyFist","FlyingSleeves"],"picked":"Meditate","floor":12},{"not_picked":["Vengeance","JustLucky"],"picked":"DeceiveReality","floor":14},{"not_picked":["DevaForm","Brilliance"],"picked":"Scrawl","floor":16},{"not_picked":["PathToVictory+1","ThirdEye","Prostrate"],"picked":"SKIP","floor":18},{"not_picked":["ThirdEye","ReachHeaven","Protect"],"picked":"SKIP","floor":21},{"not_picked":["SignatureMove","ConjureBlade","BowlingBash"],"picked":"SKIP","floor":24},{"not_picked":["BowlingBash","Halt","CutThroughFate"],"picked":"SKIP","floor":25},{"not_picked":["Prostrate","Crescendo+1","Consecrate"],"picked":"SKIP","floor":27},{"not_picked":["Consecrate+1","Study","ClearTheMind+1"],"picked":"SKIP","floor":31},{"not_picked":["Scrawl","DeusExMachina"],"picked":"Vault","floor":33},{"not_picked":["Prostrate+1","FollowUp"],"picked":"CrushJoints+1","floor":35},{"not_picked":["FlurryOfBlows+1","PathToVictory"],"picked":"FearNoEvil+1","floor":36},{"not_picked":["EmptyFist+1","Prostrate","CrushJoints"],"picked":"SKIP","floor":37},{"not_picked":["FlyingSleeves+1","LikeWater+1","SandsOfTime"],"picked":"SKIP","floor":38},{"not_picked":["MentalFortress","EmptyMind"],"picked":"Tantrum","floor":39},{"not_picked":["EmptyBody","SignatureMove+1"],"picked":"CutThroughFate+1","floor":41},{"not_picked":["FlurryOfBlows","EmptyBody"],"picked":"MentalFortress","floor":45},{"not_picked":["Scrawl","FollowUp"],"picked":"ForeignInfluence+1","floor":54}],"player_experience":718566,"relics_obtained":[{"floor":8,"key":"Nunchaku"},{"floor":9,"key":"HornCleat"},{"floor":12,"key":"StrikeDummy"},{"floor":14,"key":"Bottled Lightning"},{"floor":24,"key":"Meat on the Bone"},{"floor":26,"key":"Kunai"},{"floor":29,"key":"Red Mask"},{"floor":39,"key":"GoldenEye"},{"floor":45,"key":"Anchor"},{"floor":54,"key":"Bronze Scales"}],"event_choices":[{"damage_healed":0,"gold_gain":0,"player_choice":"Grow","damage_taken":0,"max_hp_gain":0,"max_hp_loss":0,"event_name":"Living Wall","floor":2,"gold_loss":0,"cards_upgraded":["Eruption"]},{"damage_healed":0,"gold_gain":75,"player_choice":"Gather Gold","damage_taken":11,"max_hp_gain":0,"max_hp_loss":0,"event_name":"World of Goop","floor":13,"gold_loss":0},{"damage_healed":0,"gold_gain":0,"player_choice":"Joined the Cult","damage_taken":6,"max_hp_gain":0,"max_hp_loss":0,"event_name":"Nest","floor":19,"gold_loss":0,"cards_obtained":["RitualDagger"]},{"damage_healed":0,"gold_gain":0,"player_choice":"Ignored","damage_taken":0,"max_hp_gain":0,"max_hp_loss":0,"event_name":"Vampires","floor":20,"gold_loss":0},{"damage_healed":0,"gold_gain":0,"player_choice":"Fought Bandits","damage_taken":0,"max_hp_gain":0,"max_hp_loss":0,"event_name":"Masked Bandits","floor":29,"gold_loss":0},{"damage_healed":0,"gold_gain":100,"player_choice":"Pray","damage_taken":0,"max_hp_gain":0,"max_hp_loss":0,"event_name":"Golden Shrine","floor":30,"gold_loss":0},{"damage_healed":0,"gold_gain":0,"player_choice":"Fight","damage_taken":0,"max_hp_gain":0,"max_hp_loss":0,"event_name":"MindBloom","floor":39,"gold_loss":0},{"cards_removed":["Strike_P"],"damage_healed":0,"gold_gain":0,"player_choice":"Removed Attack","damage_taken":0,"max_hp_gain":0,"max_hp_loss":0,"event_name":"Falling","floor":48,"gold_loss":0}],"is_beta":false,"boss_relics":[{"not_picked":["Snecko Eye","Tiny House"],"picked":"VioletLotus"},{"not_picked":["SacredBark","Calling Bell"],"picked":"HolyWater"}],"items_purged_floors":[22,42,46],"is_endless":false,"potions_floor_spawned":[3,5,11,12,14,21,24,25,33,35,36,38],"ascension_level":7}