{"gold_per_floor":[116,130,80,80,5,5,5,40,63,96,96,124,124,124,124,220,220,237,254,266,266,17,17,44,64,89,89,122,122,140,168,168,268,268,287,337,337,63,79,79,79,95,95,108,45,76,94,107,107,107,107,107,4,32,32],"floor_reached":56,"playtime":2458,"items_purged":["Strike_P","Strike_P","Strike_P","EmptyFist+1"],"score":1770,"play_id":"afbd9d02-25bf-429d-b4da-bac6999d7dfd","local_time":"20230920205813","is_ascension_mode":true,"campfire_choices":[{"data":"EmptyFist","floor":6.0,"key":"SMITH"},{"data":"Adaptation","floor":13.0,"key":"SMITH"},{"data":"FollowUp","floor":15.0,"key":"SMITH"},{"data":"Vigilance","floor":23.0,"key":"SMITH"},{"data":"InnerPeace","floor":27.0,"key":"SMITH"},{"data":"Defend_P","floor":32,"key":"SMITH"},{"floor":40,"key":"RECALL"},{"data":"MentalFortress","floor":49,"key":"SMITH"},{"data":"Scrawl","floor":52,"key":"SMITH"}],"neow_cost":"NONE","seed_source_timestamp":321640029147700,"circlet_count":0,"master_deck":["Defend_P+1","Eruption+1","Vigilance+1","Adaptation+1","FollowUp+1","InnerPeace+1","Tantrum+1","Scrawl+1","MentalFortress+1","MentalFortress"],"special_seed":0,"relics":["PureWater","Meat on the Bone","Oddly Smooth Stone","Bottled Tornado","Vajra","Potion Belt","Runic Pyramid","Question Card","Mummified Hand","Ice Cream","CloakClasp","Black Star","Mango","Membership Card","Bag of Preparation","The Courier","Kunai","Ornamental Fan","GoldenEye","Boot"],"potions_floor_usage":[30,55],"damage_taken":[{"damage":5.0,"enemies":"Jaw Worm","floor":1.0,"turns":5.0},{"damage":5.0,"enemies":"2 Louse","floor":2.0,"turns":3.0},{"damage":15.0,"enemies":"Lagavulin","floor":8.0,"turns":3.0},{"damage":0.0,"enemies":"Gremlin Nob","floor":10.0,"turns":2.0},{"damage":2.0,"enemies":"3 Sentries","floor":12.0,"turns":5.0},{"damage":22.0,"enemies":"The Guardian","floor":16.0,"turns":6.0},{"damage":0.0,"enemies":"Chosen","floor":18.0,"turns":2.0},{"damage":0.0,"enemies":"Shell Parasite","floor":19.0,"turns":2.0},{"damage":3.0,"enemies":"Cultist and Chosen","floor":20.0,"turns":2.0},{"damage":10.0,"enemies":"Gremlin Leader","floor":24.0,"turns":2.0},{"damage":0.0,"enemies":"Snake Plant","floor":25.0,"turns":2.0},{"damage":1.0,"enemies":"Book of Stabbing","floor":28.0,"turns":2.0},{"damage":3,"enemies":"Centurion and Healer","floor":30,"turns":2},{"damage":0,"enemies":"Gremlin Leader","floor":31,"turns":3},{"damage":0,"enemies":"Champ","floor":33,"turns":3},{"damage":0,"enemies":"3 Darklings","floor":35,"turns":1},{"damage":0,"enemies":"Mind Bloom Boss Battle","floor":36,"turns":1},{"damage":5,"enemies":"3 Shapes","floor":39,"turns":2},{"damage":0,"enemies":"Maw","floor":42,"turns":1},{"damage":0,"enemies":"4 Shapes","floor":44,"turns":1},{"damage":0,"enemies":"Giant Head","floor":46,"turns":1},{"damage":0,"enemies":"3 Darklings","floor":47,"turns":1},{"damage":0,"enemies":"Spire Growth","floor":48,"turns":1},{"damage":0,"enemies":"Donu and Deca","floor":50,"turns":2},{"damage":0,"enemies":"Shield and Spear","floor":54,"turns":2},{"damage":5,"enemies":"The Heart","floor":55,"turns":3}],"seed_played":"-3893735410451262958","potions_obtained":[{"floor":8.0,"key":"Explosive Potion"},{"floor":10.0,"key":"Dexterity Potion"},{"floor":16.0,"key":"Block Potion"},{"floor":18.0,"key":"Energy Potion"},{"floor":19.0,"key":"AttackPotion"},{"floor":33,"key":"Swift Potion"},{"floor":44,"key":"ColorlessPotion"},{"floor":47,"key":"Fire Potion"}],"is_trial":false,"path_per_floor":["M","M","?","?","$","R","?","E","T","E","T","E","R","?","R","B",null,"M","M","M","?","$","R","E","M","T","R","E","?","M","E","R","B",null,"M","?","?","$","M","R","?","M","T","M","$","E","M","M","R","B",null,"R","$","E","B",null],"character_chosen":"WATCHER","items_purchased":["Question Card","Membership Card","Bag of Preparation","MentalFortress"],"campfire_rested":0,"item_purchase_floors":[22,38,38,53],"current_hp_per_floor":[67,62,62,55,55,55,55,40,40,40,40,38,38,38,38,28,61,61,61,58,58,58,58,48,48,48,48,47,47,44,44,44,44,65,65,79,79,79,74,74,74,74,74,74,74,74,74,74,74,74,80,80,80,80,75],"gold":32,"neow_bonus":"UPGRADE_CARD","is_prod":false,"is_daily":false,"chose_seed":false,"campfire_upgraded":8,"win_rate":0,"timestamp":1695268693,"path_taken":["M","M","?","?","$","R","?","E","T","E","?","E","R","?","R","BOSS","M","?","M","?","$","R","E","M","T","R","E","?","M","E","R","BOSS","M","?","?","$","M","R","?","M","T","M","?","E","M","M","R","BOSS","R","$","E","BOSS"],"build_version":"2022-12-18","purchased_purges":4,"victory":true,"max_hp_per_floor":[72,72,72,72,72,72,72,72,72,72,72,72,72,72,72,72,72,72,72,72,72,72,72,72,72,72,72,72,72,72,72,72,72,72,72,86,86,86,86,86,82,82,82,82,82,82,82,82,82,82,82,82,82,82,82],"card_choices":[{"not_picked":["SashWhip","FlurryOfBlows"],"picked":"Adaptation","floor":1.0},{"not_picked":["BowlingBash","EmptyBody"],"picked":"EmptyFist","floor":2.0},{"not_picked":["Conclude","Study","Collect"],"picked":"SKIP","floor":8.0},{"not_picked":["Prostrate","DeusExMachina"],"picked":"FollowUp","floor":10.0},{"not_picked":["EmptyBody","Consecrate"],"picked":"InnerPeace","floor":12.0},{"not_picked":["Halt","Indignation"],"picked":"Tantrum+1","floor":18.0},{"not_picked":["Collect","JustLucky","Indignation"],"picked":"SKIP","floor":19.0},{"not_picked":["FlyingSleeves+1","CutThroughFate","CrushJoints"],"picked":"SKIP","floor":20.0},{"not_picked":["WheelKick+1","FlurryOfBlows+1","Prostrate","Establishment"],"picked":"SKIP","floor":24.0},{"not_picked":["Crescendo","EmptyMind","PathToVictory","ForeignInfluence+1"],"picked":"SKIP","floor":25.0},{"not_picked":["PathToVictory","Crescendo","SpiritShield","Prostrate"],"picked":"SKIP","floor":28},{"not_picked":["Collect+1","Evaluate","Conclude","Prostrate"],"picked":"SKIP","floor":30},{"not_picked":["JustLucky","InnerPeace","CarveReality","Swivel"],"picked":"SKIP","floor":31},{"not_picked":["Vault","Brilliance","Omniscience"],"picked":"Scrawl","floor":33},{"not_picked":["ThirdEye+1","Consecrate","Pray+1","Evaluate"],"picked":"SKIP","floor":35},{"not_picked":["Omniscience","Halt","Prostrate","WreathOfFlame"],"picked":"SKIP","floor":39},{"not_picked":["WreathOfFlame","Prostrate","Conclude"],"picked":"MentalFortress","floor":42},{"not_picked":["Evaluate+1","WindmillStrike+1","Meditate","PathToVictory"],"picked":"SKIP","floor":44},{"not_picked":["BowlingBash","Omniscience","FlyingSleeves","Swivel"],"picked":"SKIP","floor":46},{"not_picked":["ThirdEye","EmptyBody+1","PathToVictory+1","EmptyFist+1"],"picked":"SKIP","floor":47},{"not_picked":["FollowUp+1","PathToVictory+1","SashWhip+1","EmptyBody"],"picked":"SKIP","floor":48},{"not_picked":["Perseverance","Prostrate","Worship+1","DevaForm"],"picked":"SKIP","floor":54}],"player_experience":684962,"relics_obtained":[{"floor":8.0,"key":"Meat on the Bone"},{"floor":9.0,"key":"Oddly Smooth Stone"},{"floor":10.0,"key":"Bottled Tornado"},{"floor":11.0,"key":"Vajra"},{"floor":12.0,"key":"Potion Belt"},{"floor":24.0,"key":"Mummified Hand"},{"floor":28,"key":"Ice Cream"},{"floor":31,"key":"CloakClasp"},{"floor":36,"key":"Mango"},{"floor":43,"key":"The Courier"},{"floor":46,"key":"Kunai"},{"floor":46,"key":"Ornamental Fan"},{"floor":54,"key":"GoldenEye"},{"floor":54,"key":"Boot"}],"event_choices":[{"cards_removed":["Defend_P"],"damage_healed":0.0,"max_hp_gain":0.0,"max_hp_loss":0.0,"gold_gain":0.0,"event_name":"The Cleric","player_choice":"Card Removal","floor":3.0,"gold_loss":50.0,"damage_taken":0.0},{"cards_removed":["Defend_P"],"damage_healed":0.0,"max_hp_gain":0.0,"max_hp_loss":0.0,"gold_gain":0.0,"event_name":"Golden Wing","player_choice":"Card Removal","floor":4.0,"gold_loss":0.0,"damage_taken":7.0},{"cards_removed":["Defend_P"],"damage_healed":0.0,"max_hp_gain":0.0,"max_hp_loss":0.0,"gold_gain":0.0,"event_name":"Living Wall","player_choice":"Forget","floor":7.0,"gold_loss":0.0,"damage_taken":0.0},{"cards_removed":["Strike_P"],"damage_healed":0.0,"max_hp_gain":0.0,"max_hp_loss":0.0,"gold_gain":0.0,"event_name":"Purifier","player_choice":"Purged","floor":14.0,"gold_loss":0.0,"damage_taken":0.0},{"damage_healed":0.0,"max_hp_gain":0.0,"max_hp_loss":0.0,"gold_gain":0.0,"event_name":"Vampires","player_choice":"Ignored","floor":21.0,"gold_loss":0.0,"damage_taken":0.0},{"damage_healed":0,"gold_gain":0,"player_choice":"Ignored","damage_taken":0,"max_hp_gain":0,"max_hp_loss":0,"event_name":"The Mausoleum","floor":29,"gold_loss":0},{"damage_healed":0,"gold_gain":0,"player_choice":"Fight","damage_taken":0,"max_hp_gain":0,"max_hp_loss":0,"event_name":"MindBloom","floor":36,"gold_loss":0},{"damage_healed":0,"gold_gain":0,"player_choice":"Memory 1","damage_taken":0,"max_hp_gain":0,"max_hp_loss":0,"event_name":"SensoryStone","floor":37,"gold_loss":0},{"damage_healed":0,"gold_gain":0,"player_choice":"Max HP","damage_taken":0,"max_hp_gain":0,"max_hp_loss":4,"event_name":"Winding Halls","floor":41,"gold_loss":0}],"is_beta":false,"boss_relics":[{"not_picked":["Ectoplasm","Tiny House"],"picked":"Runic Pyramid"},{"not_picked":["SacredBark","Snecko Eye"],"picked":"Black Star"}],"items_purged_floors":[5,38,45,53],"is_endless":false,"potions_floor_spawned":[8,10,16,18,19,33,44,47],"ascension_level":5}