{"gold_per_floor":[110,35,53,53,69,69,102,122,197,215,215,215,251,251,251,364,364,392,392,230,230,252,252,276,310,310,336,345,366,366,17,17,121,121,145,155,155,155,168,168,179,179,179,179,206,139,139,139,139,139,139,139,66,108,108],"floor_reached":56,"playtime":2479,"items_purged":["Defend_P","Strike_P","Strike_P"],"score":1642,"play_id":"1152893f-9292-45c6-ab68-14a11caef504","local_time":"20230919182707","is_ascension_mode":true,"campfire_choices":[{"data":"Scrawl","floor":6,"key":"SMITH"},{"data":"EmptyFist","floor":12,"key":"SMITH"},{"data":"Vigilance","floor":15,"key":"SMITH"},{"data":"SandsOfTime","floor":23,"key":"SMITH"},{"data":"Adaptation","floor":30,"key":"SMITH"},{"data":"Scrawl","floor":32,"key":"SMITH"},{"data":"MentalFortress","floor":40,"key":"SMITH"},{"data":"TalkToTheHand","floor":42,"key":"SMITH"},{"data":"Vault","floor":44,"key":"SMITH"},{"data":"Adaptation","floor":47,"key":"SMITH"},{"floor":49,"key":"RECALL"},{"data":"SpiritShield","floor":52,"key":"SMITH"}],"neow_cost":"NONE","seed_source_timestamp":226217353340700,"circlet_count":0,"master_deck":["Defend_P+1","Eruption+1","Vigilance+1","Trip","BowlingBash","Scrawl+1","FollowUp","Scrawl+1","EmptyFist+1","Meditate+1","Adaptation+1","SpiritShield+1","EmptyFist+1","SandsOfTime+1","TalkToTheHand+1","FlurryOfBlows","DeusExMachina","InnerPeace","EmptyBody+1","MentalFortress+1","CutThroughFate","Vault+1","CutThroughFate","FlurryOfBlows+1","Adaptation+1","Blind","EmptyMind"],"relics":["HolyWater","Ice Cream","Pear","CeramicFish","Empty Cage","MutagenicStrength","Shuriken","Vajra","Oddly Smooth Stone","ClockworkSouvenir","Darkstone Periapt","Lantern"],"potions_floor_usage":[7,13,25,45],"damage_taken":[{"damage":6,"enemies":"Jaw Worm","floor":1,"turns":4},{"damage":1,"enemies":"Cultist","floor":3,"turns":3},{"damage":7,"enemies":"2 Louse","floor":5,"turns":2},{"damage":0,"enemies":"Lagavulin","floor":7,"turns":2},{"damage":1,"enemies":"Looter","floor":8,"turns":2},{"damage":0,"enemies":"3 Louse","floor":10,"turns":2},{"damage":0,"enemies":"Gremlin Nob","floor":13,"turns":2},{"damage":12,"enemies":"The Guardian","floor":16,"turns":8},{"damage":0,"enemies":"3 Byrds","floor":18,"turns":5},{"damage":0,"enemies":"Spheric Guardian","floor":22,"turns":2},{"damage":0,"enemies":"Snecko","floor":24,"turns":2},{"damage":0,"enemies":"Slavers","floor":25,"turns":1},{"damage":0,"enemies":"Book of Stabbing","floor":27,"turns":2},{"damage":0,"enemies":"Snake Plant","floor":29,"turns":2},{"damage":0,"enemies":"Automaton","floor":33,"turns":5},{"damage":0,"enemies":"3 Darklings","floor":35,"turns":2},{"damage":0,"enemies":"3 Shapes","floor":36,"turns":1},{"damage":0,"enemies":"Spire Growth","floor":39,"turns":1},{"damage":6,"enemies":"Maw","floor":41,"turns":3},{"damage":0,"enemies":"Writhing Mass","floor":45,"turns":4},{"damage":0,"enemies":"Donu and Deca","floor":50,"turns":4},{"damage":61,"enemies":"Shield and Spear","floor":54,"turns":4},{"damage":15,"enemies":"The Heart","floor":55,"turns":6}],"seed_played":"-6848321821199117261","potions_obtained":[{"floor":5,"key":"DistilledChaos"},{"floor":8,"key":"ColorlessPotion"},{"floor":22,"key":"Explosive Potion"},{"floor":24,"key":"DistilledChaos"},{"floor":27,"key":"Energy Potion"},{"floor":33,"key":"FearPotion"},{"floor":45,"key":"SteroidPotion"}],"is_trial":false,"path_per_floor":["M","$","M","?","M","R","E","M","T","M","?","R","E","?","R","B",null,"M","?","$","?","M","R","M","E","T","E","?","M","R","$","R","B",null,"M","M","?","?","M","R","M","R","T","R","M","$","R","?","R","B",null,"R","$","E","B",null],"character_chosen":"WATCHER","items_purchased":["SandsOfTime","MentalFortress","ClockworkSouvenir","CutThroughFate","Adaptation","Blind"],"campfire_rested":0,"item_purchase_floors":[20,31,31,31,46,53],"current_hp_per_floor":[66,66,65,65,58,58,58,57,67,67,51,51,51,51,51,39,82,82,82,82,82,82,82,82,82,82,82,82,82,82,82,82,82,82,82,82,82,82,82,82,76,76,76,76,76,76,76,76,76,76,82,82,82,21,6],"gold":108,"neow_bonus":"RANDOM_COLORLESS","is_prod":false,"is_daily":false,"chose_seed":false,"campfire_upgraded":11,"win_rate":0,"timestamp":1695173227,"path_taken":["M","$","M","?","M","R","E","M","T","?","?","R","E","?","R","BOSS","M","?","$","?","M","R","M","E","T","E","?","M","R","?","R","BOSS","M","M","?","?","?","R","M","R","T","R","M","$","R","?","R","BOSS","R","$","E","BOSS"],"build_version":"2022-12-18","purchased_purges":3,"victory":true,"max_hp_per_floor":[72,72,72,72,72,72,72,72,82,82,82,82,82,82,82,82,82,82,82,82,82,82,82,82,82,82,82,82,82,82,82,82,82,82,82,82,82,82,82,82,82,82,82,82,82,82,82,82,82,82,82,82,82,82,82],"card_choices":[{"not_picked":["Deep Breath","Swift Strike"],"picked":"Trip","floor":0},{"not_picked":["Evaluate","FlyingSleeves"],"picked":"BowlingBash","floor":1},{"not_picked":["FlurryOfBlows","EmptyFist"],"picked":"Scrawl","floor":3},{"not_picked":["SashWhip","EmptyBody"],"picked":"FollowUp","floor":5},{"not_picked":["Evaluate","Crescendo"],"picked":"Scrawl","floor":7},{"not_picked":["Consecrate","BowlingBash"],"picked":"EmptyFist","floor":8},{"not_picked":["Study","SashWhip"],"picked":"Meditate","floor":10},{"not_picked":["Perseverance","Prostrate"],"picked":"Adaptation","floor":13},{"not_picked":["ConjureBlade","Wish"],"picked":"SpiritShield","floor":16},{"not_picked":["FlurryOfBlows","Conclude"],"picked":"EmptyFist+1","floor":18},{"not_picked":["BowlingBash","CutThroughFate"],"picked":"TalkToTheHand","floor":22},{"not_picked":["BowlingBash","JustLucky+1"],"picked":"FlurryOfBlows","floor":24},{"not_picked":["EmptyFist","ForeignInfluence"],"picked":"DeusExMachina","floor":25},{"not_picked":["Protect","SashWhip","Conclude+1"],"picked":"SKIP","floor":27},{"not_picked":["Fasting2+1","EmptyMind"],"picked":"EmptyBody+1","floor":29},{"not_picked":["DeusExMachina","MasterReality"],"picked":"Vault","floor":33},{"not_picked":["ThirdEye+1","BattleHymn"],"picked":"CutThroughFate","floor":35},{"not_picked":["ThirdEye","CutThroughFate","Nirvana"],"picked":"SKIP","floor":36},{"not_picked":["Halt","CrushJoints+1","SpiritShield"],"picked":"SKIP","floor":39},{"not_picked":["ClearTheMind","Protect+1","FlyingSleeves+1"],"picked":"SKIP","floor":41},{"not_picked":["Evaluate","Halt+1"],"picked":"FlurryOfBlows+1","floor":45},{"not_picked":["Swivel+1","Prostrate"],"picked":"EmptyMind","floor":54}],"player_experience":666223,"relics_obtained":[{"floor":7,"key":"Ice Cream"},{"floor":9,"key":"Pear"},{"floor":13,"key":"CeramicFish"},{"floor":25,"key":"Shuriken"},{"floor":26,"key":"Vajra"},{"floor":27,"key":"Oddly Smooth Stone"},{"floor":54,"key":"Lantern"}],"event_choices":[{"damage_healed":0,"gold_gain":0,"player_choice":"Upgraded","damage_taken":0,"max_hp_gain":0,"max_hp_loss":0,"event_name":"Upgrade Shrine","floor":4,"gold_loss":0,"cards_upgraded":["Eruption"]},{"damage_healed":0,"gold_gain":0,"player_choice":"Entered Light","damage_taken":16,"max_hp_gain":0,"max_hp_loss":0,"event_name":"Shining Light","floor":11,"gold_loss":0,"cards_upgraded":["Meditate","Defend_P"]},{"damage_healed":0,"gold_gain":0,"player_choice":"Ignored","damage_taken":0,"max_hp_gain":0,"max_hp_loss":0,"event_name":"Liars Game","floor":14,"gold_loss":0},{"damage_healed":0,"gold_gain":0,"player_choice":"Inject Mutagens","damage_taken":0,"relics_obtained":["MutagenicStrength"],"max_hp_gain":0,"max_hp_loss":0,"event_name":"Drug Dealer","floor":19,"gold_loss":0},{"cards_removed":["Strike_P"],"damage_healed":0,"gold_gain":0,"player_choice":"Elegance","damage_taken":0,"max_hp_gain":0,"max_hp_loss":0,"event_name":"Back to Basics","floor":21,"gold_loss":0},{"damage_healed":0,"gold_gain":0,"player_choice":"Read","damage_taken":0,"max_hp_gain":0,"max_hp_loss":0,"event_name":"The Library","floor":28,"gold_loss":0,"cards_obtained":["InnerPeace"]},{"cards_removed":["Strike_P"],"damage_healed":0,"gold_gain":0,"player_choice":"Removed Attack","damage_taken":0,"max_hp_gain":0,"max_hp_loss":0,"event_name":"Falling","floor":37,"gold_loss":0},{"damage_healed":0,"gold_gain":0,"player_choice":"Gave Potion","damage_taken":0,"relics_obtained":["Darkstone Periapt"],"max_hp_gain":0,"max_hp_loss":0,"event_name":"WeMeetAgain","floor":38,"gold_loss":0},{"damage_healed":0,"gold_gain":0,"player_choice":"Memory 1","damage_taken":0,"max_hp_gain":0,"max_hp_loss":0,"event_name":"SensoryStone","floor":48,"gold_loss":0}],"is_beta":false,"boss_relics":[{"not_picked":["Runic Dome","Ectoplasm"],"picked":"Empty Cage"},{"not_picked":["Snecko Eye","Runic Pyramid"],"picked":"HolyWater"}],"items_purged_floors":[2,20,31],"is_endless":false,"potions_floor_spawned":[5,8,22,24,27,33,36,45],"ascension_level":4}