{"gold_per_floor":[116,127,143,143,161,161,186,186,186,203,203,237,127,144,144,239,239,254,254,254,272,284,284,315,315,364,382,395,33,33,64,64,159,159,170,170,170,188,201,220,220,249,275,275,290,320,91,124,124,124,124,124,74,109,109],"floor_reached":56,"playtime":2879,"items_purged":["Strike_P","Strike_P+1","Strike_P+1","Strike_P+1"],"score":2243,"play_id":"ed80f566-43f7-48af-a4f7-d75f3cd7b6e1","local_time":"20230927224542","is_ascension_mode":true,"campfire_choices":[{"data":"Eruption","floor":6,"key":"SMITH"},{"data":"EmptyFist","floor":8,"key":"SMITH"},{"data":"Adaptation","floor":11,"key":"SMITH"},{"data":"CrushJoints","floor":15,"key":"SMITH"},{"data":"Adaptation","floor":23,"key":"SMITH"},{"data":"Vigilance","floor":25,"key":"SMITH"},{"floor":30,"key":"REST"},{"data":"Adaptation","floor":32,"key":"SMITH"},{"data":"Halt","floor":41,"key":"SMITH"},{"floor":49,"key":"RECALL"},{"floor":52,"key":"REST"}],"neow_cost":"PERCENT_DAMAGE","seed_source_timestamp":932563526109100,"circlet_count":0,"master_deck":["AscendersBane","Defend_P+1","Eruption+1","Vigilance+1","Halt+1","EmptyFist+1","FollowUp+1","Meditate+1","Adaptation+1","Adaptation+1","DeceiveReality+1","MentalFortress+1","Indignation+1","CutThroughFate+1","CutThroughFate+1","FearNoEvil+1","Adaptation+1","LessonLearned+1","SandsOfTime+1","Tantrum+1","InnerPeace+1","Master of Strategy+1","WheelKick+1"],"relics":["PureWater","HornCleat","Nunchaku","Pantograph","PreservedInsect","Philosopher\u0027s Stone","Question Card","Smiling Mask","Gambling Chip","InkBottle","SlaversCollar","Bronze Scales","Lizard Tail","StrikeDummy","Whetstone"],"potions_floor_usage":[24,55,55],"damage_taken":[{"damage":0,"enemies":"Cultist","floor":1,"turns":3},{"damage":9,"enemies":"Small Slimes","floor":2,"turns":4},{"damage":12,"enemies":"Jaw Worm","floor":3,"turns":2},{"damage":0,"enemies":"Exordium Thugs","floor":5,"turns":4},{"damage":6,"enemies":"3 Sentries","floor":7,"turns":8},{"damage":0,"enemies":"Large Slime","floor":10,"turns":3},{"damage":0,"enemies":"Gremlin Nob","floor":12,"turns":2},{"damage":0,"enemies":"Looter","floor":14,"turns":1},{"damage":0,"enemies":"Slime Boss","floor":16,"turns":4},{"damage":7,"enemies":"3 Byrds","floor":18,"turns":5},{"damage":6,"enemies":"Chosen","floor":21,"turns":3},{"damage":9,"enemies":"Shelled Parasite and Fungi","floor":22,"turns":4},{"damage":19,"enemies":"Slavers","floor":24,"turns":2},{"damage":0,"enemies":"3 Cultists","floor":27,"turns":4},{"damage":0,"enemies":"Snake Plant","floor":28,"turns":2},{"damage":2,"enemies":"Gremlin Leader","floor":31,"turns":3},{"damage":0,"enemies":"Collector","floor":33,"turns":5},{"damage":0,"enemies":"3 Shapes","floor":35,"turns":3},{"damage":0,"enemies":"Orb Walker","floor":38,"turns":3},{"damage":9,"enemies":"Sphere and 2 Shapes","floor":39,"turns":5},{"damage":0,"enemies":"4 Shapes","floor":40,"turns":5},{"damage":0,"enemies":"Reptomancer","floor":42,"turns":3},{"damage":0,"enemies":"3 Darklings","floor":45,"turns":4},{"damage":0,"enemies":"Giant Head","floor":46,"turns":3},{"damage":0,"enemies":"Nemesis","floor":48,"turns":3},{"damage":0,"enemies":"Donu and Deca","floor":50,"turns":4},{"damage":0,"enemies":"Shield and Spear","floor":54,"turns":2},{"damage":53,"enemies":"The Heart","floor":55,"turns":7}],"seed_played":"5294737802389159735","potions_obtained":[{"floor":2,"key":"SneckoOil"},{"floor":3,"key":"Ambrosia"},{"floor":5,"key":"Strength Potion"},{"floor":7,"key":"Strength Potion"},{"floor":14,"key":"Ambrosia"},{"floor":24,"key":"BlessingOfTheForge"},{"floor":33,"key":"Swift Potion"},{"floor":39,"key":"FairyPotion"},{"floor":54,"key":"EntropicBrew"}],"is_trial":false,"path_per_floor":["M","M","M","?","M","R","E","R","T","M","R","E","$","M","R","B",null,"M","?","?","M","M","R","E","R","T","M","M","$","R","E","R","B",null,"M","?","?","M","M","M","R","E","T","?","M","E","$","E","R","B",null,"R","$","E","B",null],"character_chosen":"WATCHER","items_purchased":["Adaptation","Gambling Chip","Master of Strategy"],"campfire_rested":2,"item_purchase_floors":[13,29,47],"current_hp_per_floor":[47,38,26,26,26,26,20,20,20,20,20,20,20,20,20,45,65,58,58,58,52,43,43,24,24,24,24,24,24,45,43,43,68,71,71,71,68,68,59,59,59,59,59,59,59,59,59,59,59,68,68,68,68,68,15],"gold":109,"neow_bonus":"REMOVE_TWO","is_prod":false,"is_daily":false,"chose_seed":false,"campfire_upgraded":8,"win_rate":0,"timestamp":1695879942,"path_taken":["M","M","M","?","?","R","E","R","T","M","R","E","$","M","R","BOSS","M","?","?","M","M","R","E","R","T","M","M","$","R","E","R","BOSS","M","?","?","M","M","M","R","E","T","?","M","E","?","E","R","BOSS","R","$","E","BOSS"],"build_version":"2022-12-18","purchased_purges":4,"victory":true,"max_hp_per_floor":[72,72,72,72,72,72,72,72,72,72,72,72,72,72,72,72,72,72,72,72,72,72,72,72,72,72,72,72,72,72,72,72,72,72,72,72,68,68,68,68,68,68,68,68,68,68,68,68,68,68,68,68,68,68,68],"card_choices":[{"not_picked":["ClearTheMind","Evaluate"],"picked":"Halt","floor":1},{"not_picked":["FollowUp","Indignation"],"picked":"EmptyFist","floor":2},{"not_picked":["Conclude","FlyingSleeves"],"picked":"FollowUp","floor":3},{"not_picked":["Prostrate","SignatureMove"],"picked":"Meditate","floor":5},{"not_picked":["Protect","WaveOfTheHand"],"picked":"Adaptation","floor":7},{"not_picked":["Protect","Prostrate","EmptyBody"],"picked":"SKIP","floor":10},{"not_picked":["CutThroughFate","WindmillStrike"],"picked":"CrushJoints","floor":12},{"not_picked":["LikeWater","Halt"],"picked":"DeceiveReality","floor":14},{"not_picked":["Halt","ClearTheMind"],"picked":"MentalFortress+1","floor":18},{"not_picked":["Crescendo+1","Wireheading"],"picked":"Indignation","floor":21},{"not_picked":["Halt","Collect"],"picked":"CutThroughFate","floor":22},{"not_picked":["WreathOfFlame","Vengeance","FollowUp"],"picked":"SKIP","floor":24},{"not_picked":["JustLucky","EmptyFist","PathToVictory"],"picked":"CutThroughFate","floor":27},{"not_picked":["Halt+1","Adaptation","FlurryOfBlows+1"],"picked":"FearNoEvil","floor":28},{"not_picked":["Protect+1","Halt","FollowUp"],"picked":"Adaptation","floor":31},{"not_picked":["Judgement","Devotion","ConjureBlade"],"picked":"LessonLearned","floor":33},{"not_picked":["EmptyBody","CutThroughFate","Pray","Vengeance"],"picked":"SKIP","floor":35},{"not_picked":["CrushJoints+1","Halt+1","CutThroughFate+1"],"picked":"SandsOfTime+1","floor":38},{"not_picked":["ReachHeaven","JustLucky","Consecrate+1","ClearTheMind"],"picked":"SKIP","floor":39},{"not_picked":["BowlingBash+1","LikeWater+1","FlurryOfBlows+1"],"picked":"Tantrum+1","floor":40},{"not_picked":["Wireheading+1","SashWhip","Consecrate+1"],"picked":"InnerPeace+1","floor":42},{"not_picked":["FlurryOfBlows+1","BattleHymn+1","EmptyBody","Devotion"],"picked":"SKIP","floor":45},{"not_picked":["BattleHymn+1","Sanctity","FlurryOfBlows","Nirvana+1"],"picked":"SKIP","floor":46},{"not_picked":["BattleHymn+1","ThirdEye","FearNoEvil","PathToVictory"],"picked":"SKIP","floor":48},{"not_picked":["Protect+1","ThirdEye+1","ReachHeaven"],"picked":"WheelKick+1","floor":54}],"player_experience":779227,"relics_obtained":[{"floor":7,"key":"Nunchaku"},{"floor":9,"key":"Pantograph"},{"floor":12,"key":"PreservedInsect"},{"floor":24,"key":"Question Card"},{"floor":26,"key":"Smiling Mask"},{"floor":31,"key":"InkBottle"},{"floor":42,"key":"Bronze Scales"},{"floor":46,"key":"Lizard Tail"},{"floor":48,"key":"StrikeDummy"},{"floor":54,"key":"Whetstone"}],"event_choices":[{"damage_healed":0,"gold_gain":0,"player_choice":"Gave Potion","damage_taken":0,"relics_obtained":["HornCleat"],"max_hp_gain":0,"max_hp_loss":0,"event_name":"WeMeetAgain","floor":4,"gold_loss":0},{"damage_healed":0,"gold_gain":0,"player_choice":"Simplicity","damage_taken":0,"max_hp_gain":0,"max_hp_loss":0,"event_name":"Back to Basics","floor":19,"gold_loss":0,"cards_upgraded":["Strike_P","Strike_P","Strike_P","Defend_P","Defend_P"]},{"cards_removed":["Defend_P"],"damage_healed":0,"gold_gain":0,"player_choice":"Purged","damage_taken":0,"max_hp_gain":0,"max_hp_loss":0,"event_name":"Purifier","floor":20,"gold_loss":0},{"damage_healed":0,"gold_gain":0,"player_choice":"Memory 1","damage_taken":0,"max_hp_gain":0,"max_hp_loss":0,"event_name":"SensoryStone","floor":36,"gold_loss":0},{"damage_healed":0,"gold_gain":0,"player_choice":"Max HP","damage_taken":0,"max_hp_gain":0,"max_hp_loss":4,"event_name":"Winding Halls","floor":37,"gold_loss":0},{"cards_removed":["CrushJoints"],"damage_healed":0,"gold_gain":0,"player_choice":"Removed Attack","damage_taken":0,"max_hp_gain":0,"max_hp_loss":0,"event_name":"Falling","floor":44,"gold_loss":0}],"is_beta":false,"boss_relics":[{"not_picked":["Runic Dome","Calling Bell"],"picked":"Philosopher\u0027s Stone"},{"not_picked":["Velvet Choker","SacredBark"],"picked":"SlaversCollar"}],"items_purged_floors":[13,29,47,53],"is_endless":false,"potions_floor_spawned":[2,3,5,7,14,18,24,27,28,33,39,46,48,54],"ascension_level":10}