{"gold_per_floor":[109,34,109,124,139,169,169,194,194,194,224,224,224,234,234,332,332,349,47,47,32,32,32,57,57,57,76,92,120,139,156,156,256,256,271,317,333,343,343,372,391,391,391,411,424,424,456,467,467,467,467,467,60,88,88],"floor_reached":56,"playtime":3408,"items_purged":["Defend_P","Defend_P","Strike_P+1"],"score":1668,"play_id":"01b916b1-b048-432f-9a92-37f53914cc28","local_time":"20230924230013","is_ascension_mode":true,"campfire_choices":[{"data":"Eruption","floor":7,"key":"SMITH"},{"data":"Vigilance","floor":12,"key":"SMITH"},{"floor":15,"key":"REST"},{"floor":23,"key":"REST"},{"floor":25,"key":"REST"},{"floor":32,"key":"REST"},{"floor":42,"key":"REST"},{"floor":46,"key":"RECALL"},{"floor":49,"key":"REST"},{"data":"Strike_P","floor":52,"key":"PURGE"}],"neow_cost":"PERCENT_DAMAGE","seed_source_timestamp":673689678543100,"circlet_count":0,"master_deck":["Strike_P+1","Strike_P+1","Defend_P+1","Defend_P+1","Eruption+1","Vigilance+1","Secret Technique+1","SandsOfTime+1","ThirdEye","TalkToTheHand+1","CutThroughFate+1","SashWhip+1","Prostrate+1","Vengeance+1","LessonLearned+1","EmptyBody+1","FearNoEvil+1","Prostrate+1","EmptyMind+1","InnerPeace+1","Prostrate+1","Prostrate+1","MentalFortress+1","Scrawl+1","ReachHeaven+1","EmptyMind+1","WheelKick+1","TalkToTheHand+1","Indignation+1","CrushJoints+1","Sanctity+1","Tantrum+1"],"relics":["PureWater","Oddly Smooth Stone","Torii","Letter Opener","Odd Mushroom","Fusion Hammer","Mummified Hand","Pear","Bottled Flame","VioletLotus","Peace Pipe","Pantograph","Dream Catcher","Vajra","Toy Ornithopter"],"potions_floor_usage":[16,31,36,36,47,54,55,55],"damage_taken":[{"damage":0,"enemies":"Jaw Worm","floor":1,"turns":2},{"damage":4,"enemies":"Small Slimes","floor":4,"turns":4},{"damage":0,"enemies":"2 Louse","floor":5,"turns":2},{"damage":20,"enemies":"3 Sentries","floor":6,"turns":8},{"damage":6,"enemies":"Gremlin Nob","floor":8,"turns":3},{"damage":18,"enemies":"The Mushroom Lair","floor":11,"turns":3},{"damage":0,"enemies":"Red Slaver","floor":14,"turns":4},{"damage":17,"enemies":"The Guardian","floor":16,"turns":9},{"damage":30,"enemies":"Shell Parasite","floor":18,"turns":3},{"damage":10,"enemies":"2 Thieves","floor":21,"turns":4},{"damage":21,"enemies":"Gremlin Leader","floor":24,"turns":6},{"damage":1,"enemies":"Shelled Parasite and Fungi","floor":27,"turns":5},{"damage":0,"enemies":"Snecko","floor":28,"turns":4},{"damage":2,"enemies":"Book of Stabbing","floor":29,"turns":4},{"damage":0,"enemies":"Chosen and Byrds","floor":30,"turns":3},{"damage":0,"enemies":"3 Cultists","floor":31,"turns":4},{"damage":12,"enemies":"Champ","floor":33,"turns":12},{"damage":1,"enemies":"3 Shapes","floor":35,"turns":2},{"damage":7,"enemies":"2 Orb Walkers","floor":36,"turns":3},{"damage":1,"enemies":"3 Darklings","floor":37,"turns":3},{"damage":32,"enemies":"4 Shapes","floor":38,"turns":6},{"damage":19,"enemies":"Nemesis","floor":40,"turns":7},{"damage":0,"enemies":"Writhing Mass","floor":41,"turns":5},{"damage":0,"enemies":"Transient","floor":44,"turns":5},{"damage":1,"enemies":"4 Shapes","floor":45,"turns":6},{"damage":10,"enemies":"Reptomancer","floor":47,"turns":6},{"damage":0,"enemies":"Maw","floor":48,"turns":6},{"damage":15,"enemies":"Time Eater","floor":50,"turns":6},{"damage":0,"enemies":"Shield and Spear","floor":54,"turns":3},{"damage":31,"enemies":"The Heart","floor":55,"turns":9}],"seed_played":"1480309531879873005","potions_obtained":[{"floor":6,"key":"SpeedPotion"},{"floor":11,"key":"GamblersBrew"},{"floor":27,"key":"SkillPotion"},{"floor":30,"key":"SpeedPotion"},{"floor":31,"key":"Fruit Juice"},{"floor":33,"key":"GamblersBrew"},{"floor":39,"key":"AttackPotion"},{"floor":39,"key":"Strength Potion"},{"floor":47,"key":"FearPotion"}],"is_trial":false,"path_per_floor":["M","$","?","M","M","E","R","E","T","?","?","R","?","M","R","B",null,"M","$","?","M","?","R","E","R","T","M","M","E","M","M","R","B",null,"M","?","M","M","?","E","M","R","T","M","M","R","E","M","R","B",null,"R","$","E","B",null],"character_chosen":"WATCHER","items_purchased":["LessonLearned","EmptyBody","FearNoEvil","Vajra","StancePotion","Dexterity Potion"],"campfire_rested":6,"item_purchase_floors":[19,19,19,53,53,53],"current_hp_per_floor":[47,47,36,32,32,12,12,6,6,30,12,12,12,12,33,16,58,28,28,28,18,18,39,18,39,49,48,48,46,46,51,77,65,82,81,74,73,41,41,22,22,48,48,48,47,47,37,37,63,72,83,83,83,83,56],"gold":88,"neow_bonus":"RANDOM_COLORLESS_2","is_prod":false,"is_daily":false,"chose_seed":false,"campfire_upgraded":2,"win_rate":0,"timestamp":1695621613,"path_taken":["M","$","?","M","M","E","R","E","T","?","?","R","?","M","R","BOSS","M","$","?","M","?","R","E","R","T","M","M","E","M","M","R","BOSS","M","?","M","M","?","E","M","R","T","M","M","R","E","?","R","BOSS","R","$","E","BOSS"],"build_version":"2022-12-18","purchased_purges":3,"victory":true,"max_hp_per_floor":[72,72,72,72,72,72,72,72,72,72,72,72,72,72,72,72,72,72,72,72,72,72,72,72,72,82,82,82,82,82,87,87,87,87,87,87,87,87,87,87,87,87,87,87,87,87,87,87,87,87,87,87,87,87,87],"card_choices":[{"not_picked":["Chrysalis","Secret Weapon"],"picked":"Secret Technique","floor":0},{"not_picked":["Evaluate","ClearTheMind"],"picked":"SandsOfTime","floor":1},{"not_picked":["JustLucky","WreathOfFlame"],"picked":"ThirdEye","floor":4},{"not_picked":["ThirdEye","Swivel"],"picked":"TalkToTheHand","floor":5},{"not_picked":["Adaptation","Crescendo"],"picked":"CutThroughFate","floor":6},{"not_picked":["Swivel","EmptyBody","Crescendo"],"picked":"SKIP","floor":8},{"not_picked":["JustLucky","Pray"],"picked":"SashWhip","floor":11},{"not_picked":["FollowUp","FlurryOfBlows"],"picked":"Prostrate","floor":14},{"not_picked":["Study","SashWhip+1"],"picked":"Vengeance+1","floor":18},{"not_picked":["Sanctity","Evaluate+1"],"picked":"Prostrate+1","floor":21},{"not_picked":["Evaluate","CarveReality"],"picked":"EmptyMind","floor":24},{"not_picked":["SashWhip+1","WaveOfTheHand"],"picked":"InnerPeace+1","floor":27},{"not_picked":["BowlingBash","LikeWater"],"picked":"Prostrate+1","floor":28},{"not_picked":["Halt","PathToVictory"],"picked":"Prostrate+1","floor":29},{"not_picked":["MasterReality","FlyingSleeves","SashWhip"],"picked":"SKIP","floor":30},{"not_picked":["Wireheading","FlyingSleeves"],"picked":"MentalFortress","floor":31},{"not_picked":["DeusExMachina","Omniscience"],"picked":"Scrawl","floor":33},{"not_picked":["FlyingSleeves","Conclude"],"picked":"ReachHeaven+1","floor":35},{"not_picked":["ThirdEye","CrushJoints"],"picked":"EmptyMind+1","floor":36},{"not_picked":["EmptyFist","FollowUp"],"picked":"WheelKick+1","floor":37},{"not_picked":["Conclude+1","EmptyBody","Worship+1"],"picked":"SKIP","floor":38},{"not_picked":["FollowUp+1","ReachHeaven","SashWhip"],"picked":"SKIP","floor":40},{"not_picked":["Establishment","ForeignInfluence"],"picked":"TalkToTheHand+1","floor":41},{"not_picked":["ClearTheMind+1","Wallop","JustLucky"],"picked":"SKIP","floor":44},{"not_picked":["FollowUp","ClearTheMind"],"picked":"Indignation+1","floor":45},{"not_picked":["SashWhip+1","Consecrate","FlyingSleeves"],"picked":"SKIP","floor":47},{"not_picked":["ClearTheMind+1","JustLucky+1"],"picked":"CrushJoints+1","floor":48},{"not_picked":["Omniscience","Halt+1"],"picked":"Sanctity+1","floor":49},{"not_picked":["Conclude","ThirdEye"],"picked":"Tantrum+1","floor":54}],"player_experience":741400,"relics_obtained":[{"floor":6,"key":"Oddly Smooth Stone"},{"floor":8,"key":"Torii"},{"floor":9,"key":"Letter Opener"},{"floor":11,"key":"Odd Mushroom"},{"floor":24,"key":"Mummified Hand"},{"floor":26,"key":"Pear"},{"floor":29,"key":"Bottled Flame"},{"floor":36,"key":"Peace Pipe"},{"floor":40,"key":"Pantograph"},{"floor":47,"key":"Dream Catcher"},{"floor":54,"key":"Toy Ornithopter"}],"event_choices":[{"damage_healed":0,"gold_gain":75,"player_choice":"Gather Gold","damage_taken":11,"max_hp_gain":0,"max_hp_loss":0,"event_name":"World of Goop","floor":3,"gold_loss":0},{"damage_healed":24,"gold_gain":0,"player_choice":"Banana","damage_taken":0,"max_hp_gain":0,"max_hp_loss":0,"event_name":"Big Fish","floor":10,"gold_loss":0},{"damage_healed":0,"gold_gain":0,"player_choice":"Fought Mushrooms","damage_taken":0,"max_hp_gain":0,"max_hp_loss":0,"event_name":"Mushrooms","floor":11,"gold_loss":0},{"damage_healed":0,"gold_gain":0,"player_choice":"0 cards matched","damage_taken":0,"max_hp_gain":0,"max_hp_loss":0,"event_name":"Match and Keep!","floor":13,"gold_loss":0,"cards_obtained":[]},{"damage_healed":0,"gold_gain":0,"player_choice":"Ignored","damage_taken":0,"max_hp_gain":0,"max_hp_loss":0,"event_name":"The Mausoleum","floor":20,"gold_loss":0},{"damage_healed":0,"gold_gain":0,"player_choice":"Fight","damage_taken":0,"max_hp_gain":0,"max_hp_loss":0,"event_name":"Mysterious Sphere","floor":36,"gold_loss":0},{"damage_healed":0,"gold_gain":0,"player_choice":"Got Potions","damage_taken":0,"max_hp_gain":0,"max_hp_loss":0,"event_name":"Lab","floor":39,"gold_loss":0}],"is_beta":false,"boss_relics":[{"not_picked":["Tiny House","Ectoplasm"],"picked":"Fusion Hammer"},{"not_picked":["Pandora\u0027s Box","Snecko Eye"],"picked":"VioletLotus"}],"items_purged_floors":[2,19,53],"is_endless":false,"potions_floor_spawned":[6,11,27,30,31,33,40,44,47,48],"ascension_level":8}