{"gold_per_floor":[119,139,153,4,4,4,20,20,44,95,95,110,139,186,186,186],"floor_reached":16,"playtime":604,"items_purged":["Defend_P"],"score":189,"play_id":"8e0e1854-6cb8-4447-b15e-379002a68e4e","local_time":"20230924220245","is_ascension_mode":true,"campfire_choices":[{"data":"CrushJoints","floor":6,"key":"SMITH"},{"data":"CutThroughFate","floor":8,"key":"SMITH"},{"data":"FollowUp","floor":11,"key":"SMITH"},{"data":"EmptyBody","floor":15,"key":"SMITH"}],"neow_cost":"NONE","seed_source_timestamp":673071528980100,"circlet_count":0,"master_deck":["Strike_P","Strike_P","Strike_P","Strike_P","Defend_P","Defend_P","Eruption+1","Vigilance","CrushJoints+1","FlurryOfBlows","ThirdEye","CutThroughFate+1","Halt","FollowUp+1","EmptyBody+1"],"relics":["PureWater","Akabeko","Letter Opener","Blood Vial"],"potions_floor_usage":[10,10,16],"damage_taken":[{"damage":0,"enemies":"Jaw Worm","floor":1,"turns":3},{"damage":3,"enemies":"2 Louse","floor":2,"turns":2},{"damage":0,"enemies":"Cultist","floor":3,"turns":2},{"damage":0,"enemies":"Exordium Thugs","floor":7,"turns":3},{"damage":0,"enemies":"Lagavulin","floor":10,"turns":1},{"damage":8,"enemies":"Blue Slaver","floor":12,"turns":2},{"damage":28,"enemies":"3 Sentries","floor":13,"turns":9},{"damage":32,"enemies":"The Guardian","floor":16,"turns":7}],"seed_played":"73259961265909467","potions_obtained":[{"floor":1,"key":"ColorlessPotion"},{"floor":3,"key":"SpeedPotion"},{"floor":7,"key":"FearPotion"}],"is_trial":false,"path_per_floor":["M","M","M","$","?","R","M","R","T","E","R","M","E","T","R","B"],"character_chosen":"WATCHER","items_purchased":["CutThroughFate","Halt"],"campfire_rested":0,"item_purchase_floors":[4,4],"current_hp_per_floor":[65,62,62,62,62,62,62,62,62,62,62,54,26,26,26,0],"gold":186,"neow_bonus":"REMOVE_CARD","is_prod":false,"is_daily":false,"chose_seed":false,"campfire_upgraded":4,"win_rate":0,"timestamp":1695618165,"path_taken":["M","M","M","$","?","R","M","R","T","E","R","M","E","?","R","BOSS"],"build_version":"2022-12-18","purchased_purges":1,"victory":false,"max_hp_per_floor":[72,72,72,72,72,72,72,72,72,72,72,72,72,72,72,72],"card_choices":[{"not_picked":["WheelKick","Study"],"picked":"CrushJoints","floor":1},{"not_picked":["Consecrate","EmptyMind"],"picked":"FlurryOfBlows","floor":2},{"not_picked":["Crescendo","JustLucky"],"picked":"ThirdEye","floor":3},{"not_picked":["FlyingSleeves","ClearTheMind","CrushJoints"],"picked":"SKIP","floor":7},{"not_picked":["Collect","PathToVictory"],"picked":"FollowUp","floor":10},{"not_picked":["JustLucky","ForeignInfluence"],"picked":"EmptyBody","floor":12},{"not_picked":["FlurryOfBlows","Conclude","SpiritShield"],"picked":"SKIP","floor":13}],"player_experience":740796,"relics_obtained":[{"floor":10,"key":"Akabeko"},{"floor":13,"key":"Letter Opener"},{"floor":14,"key":"Blood Vial"}],"event_choices":[{"damage_healed":0,"gold_gain":0,"player_choice":"Grow","damage_taken":0,"max_hp_gain":0,"max_hp_loss":0,"event_name":"Living Wall","floor":5,"gold_loss":0,"cards_upgraded":["Eruption"]}],"is_beta":false,"boss_relics":[],"items_purged_floors":[4],"is_endless":false,"potions_floor_spawned":[1,3,7],"killed_by":"The Guardian","ascension_level":8}