{"gold_per_floor":[113,127,97,109,119,119,136,136,189,203,233,233,233,252,252,351,351,370,387,154,174,189,189,215,235,281,281,32,32,59,9,9,109,109,129,141,155,201,201,218,218,250,250,278,278,288,288,315,315,315,315,315,7,38,38],"floor_reached":55,"playtime":2871,"items_purged":["Strike_P","Strike_P","Defend_P"],"score":943,"play_id":"3240718f-a567-4617-8915-b69aa6341ed5","local_time":"20230917231533","is_ascension_mode":true,"campfire_choices":[{"data":"Eruption","floor":6,"key":"SMITH"},{"data":"FlurryOfBlows","floor":8,"key":"SMITH"},{"data":"Consecrate","floor":12,"key":"SMITH"},{"data":"CrushJoints","floor":15,"key":"SMITH"},{"data":"Adaptation","floor":23,"key":"SMITH"},{"data":"MasterReality","floor":27,"key":"SMITH"},{"data":"Wallop","floor":32,"key":"SMITH"},{"data":"Vault","floor":41,"key":"SMITH"},{"floor":45,"key":"RECALL"},{"data":"Tantrum","floor":49,"key":"SMITH"},{"data":"ThirdEye","floor":52,"key":"SMITH"}],"neow_cost":"NONE","seed_source_timestamp":70332148250200,"circlet_count":0,"master_deck":["Strike_P","Strike_P","Defend_P","Eruption+1","Vigilance","DeceiveReality","ReachHeaven","FlurryOfBlows+1","Indignation","Consecrate+1","CrushJoints+1","Meditate","MasterReality+1","InnerPeace","Adaptation+1","CutThroughFate","ThirdEye+1","CutThroughFate","EmptyMind","Tantrum+1","DeceiveReality","Wallop+1","WindmillStrike+1","CutThroughFate+1","Vault+1","BattleHymn+1","Fasting2+1","Evaluate+1","Tantrum+1","Meditate","Weave+1","Apotheosis","InnerPeace"],"relics":["PureWater","Damaru","InkBottle","VioletLotus","Membership Card","Ancient Tea Set","Anchor","Lee\u0027s Waffle","Molten Egg 2","Gremlin Horn","Sozu","Thread and Needle","Singing Bowl","HornCleat","Kunai","CaptainsWheel","Toy Ornithopter"],"potions_floor_usage":[10,11,24,24,24,24,24,55,55],"damage_taken":[{"damage":0,"enemies":"Jaw Worm","floor":1,"turns":4},{"damage":4,"enemies":"Cultist","floor":2,"turns":5},{"damage":0,"enemies":"2 Louse","floor":4,"turns":4},{"damage":7,"enemies":"Exordium Thugs","floor":5,"turns":4},{"damage":0,"enemies":"3 Louse","floor":7,"turns":4},{"damage":0,"enemies":"Gremlin Gang","floor":10,"turns":2},{"damage":1,"enemies":"3 Sentries","floor":11,"turns":3},{"damage":0,"enemies":"Exordium Thugs","floor":14,"turns":2},{"damage":32,"enemies":"The Guardian","floor":16,"turns":6},{"damage":4,"enemies":"Spheric Guardian","floor":18,"turns":3},{"damage":10,"enemies":"Shell Parasite","floor":19,"turns":3},{"damage":0,"enemies":"3 Cultists","floor":21,"turns":3},{"damage":7,"enemies":"Centurion and Healer","floor":22,"turns":3},{"damage":35,"enemies":"Slavers","floor":24,"turns":3},{"damage":0,"enemies":"Snecko","floor":25,"turns":2},{"damage":0,"enemies":"Gremlin Leader","floor":30,"turns":4},{"damage":12,"enemies":"Collector","floor":33,"turns":6},{"damage":0,"enemies":"3 Darklings","floor":35,"turns":3},{"damage":0,"enemies":"3 Shapes","floor":36,"turns":2},{"damage":17,"enemies":"Maw","floor":37,"turns":5},{"damage":15,"enemies":"2 Orb Walkers","floor":38,"turns":4},{"damage":2,"enemies":"Writhing Mass","floor":40,"turns":5},{"damage":0,"enemies":"Giant Head","floor":42,"turns":5},{"damage":0,"enemies":"Reptomancer","floor":44,"turns":4},{"damage":0,"enemies":"Transient","floor":46,"turns":6},{"damage":0,"enemies":"Nemesis","floor":48,"turns":3},{"damage":1,"enemies":"Awakened One","floor":50,"turns":6},{"damage":0,"enemies":"Shield and Spear","floor":54,"turns":4},{"damage":92,"enemies":"The Heart","floor":55,"turns":5}],"seed_played":"7653405259838559821","potions_obtained":[{"floor":1,"key":"BottledMiracle"},{"floor":3,"key":"Fire Potion"},{"floor":3,"key":"CultistPotion"},{"floor":10,"key":"Fire Potion"},{"floor":11,"key":"EntropicBrew"},{"floor":24,"key":"SpeedPotion"},{"floor":29,"key":"Fire Potion"},{"floor":30,"key":"Swift Potion"}],"is_trial":false,"path_per_floor":["M","M","?","M","M","R","M","R","T","M","E","R","?","M","R","B",null,"M","M","$","M","M","R","E","M","T","R","$","?","E","$","R","B",null,"M","M","M","?","?","M","R","E","T","E","R","M","?","E","R","B",null,"R","$","E","B"],"character_chosen":"WATCHER","items_purchased":["Membership Card","CutThroughFate","ThirdEye","Lee\u0027s Waffle","Wallop","Molten Egg 2","WindmillStrike+1","Apotheosis","CaptainsWheel"],"campfire_rested":0,"item_purchase_floors":[20,20,20,28,28,28,28,53,53],"current_hp_per_floor":[79,75,75,75,68,68,68,68,68,68,67,67,67,67,67,35,79,75,65,65,65,58,58,28,28,28,28,86,86,86,86,86,74,86,86,86,69,54,54,52,52,54,54,54,54,54,54,54,54,53,88,88,88,88,0],"gold":38,"neow_bonus":"TEN_PERCENT_HP_BONUS","is_prod":false,"is_daily":false,"chose_seed":false,"campfire_upgraded":10,"win_rate":0,"timestamp":1695017733,"path_taken":["M","M","?","?","M","R","M","R","T","M","E","R","?","M","R","BOSS","M","M","?","M","?","R","E","M","T","R","$","?","E","?","R","BOSS","M","M","M","?","?","M","R","E","T","E","R","?","?","E","R","BOSS","R","$","E","BOSS"],"build_version":"2022-12-18","purchased_purges":3,"victory":false,"max_hp_per_floor":[79,79,79,79,79,79,79,79,79,79,79,79,79,79,79,79,79,79,79,79,79,79,79,79,79,79,79,86,86,86,86,86,86,86,86,86,86,86,86,86,86,88,88,88,88,88,88,88,88,88,88,88,88,88,88],"card_choices":[{"not_picked":["WaveOfTheHand","FlyingSleeves","Crescendo"],"picked":"SKIP","floor":1},{"not_picked":["Halt","EmptyMind"],"picked":"DeceiveReality","floor":2},{"not_picked":["SandsOfTime","ClearTheMind"],"picked":"ReachHeaven","floor":4},{"not_picked":["Crescendo","EmptyBody"],"picked":"FlurryOfBlows","floor":5},{"not_picked":["JustLucky","Protect"],"picked":"Indignation","floor":7},{"not_picked":["PathToVictory","Crescendo"],"picked":"Consecrate","floor":10},{"not_picked":["Prostrate","JustLucky"],"picked":"CrushJoints","floor":11},{"not_picked":["Halt","Fasting2"],"picked":"Meditate","floor":14},{"not_picked":["ConjureBlade","Ragnarok"],"picked":"MasterReality","floor":16},{"not_picked":["ClearTheMind","Indignation"],"picked":"InnerPeace","floor":18},{"not_picked":["FlurryOfBlows","Evaluate+1"],"picked":"Adaptation","floor":19},{"not_picked":["EmptyBody","PathToVictory"],"picked":"CutThroughFate","floor":21},{"not_picked":["ThirdEye","DevaForm"],"picked":"EmptyMind","floor":22},{"not_picked":["Wallop","Perseverance+1"],"picked":"Tantrum","floor":24},{"not_picked":["Wireheading","Evaluate"],"picked":"DeceiveReality","floor":25},{"not_picked":["Worship","Wireheading"],"picked":"CutThroughFate+1","floor":30},{"not_picked":["Blasphemy","DevaForm"],"picked":"Vault","floor":33},{"not_picked":["SashWhip+1","Crescendo"],"picked":"BattleHymn+1","floor":35},{"not_picked":["Evaluate","WindmillStrike+1","BowlingBash+1"],"picked":"SKIP","floor":36},{"not_picked":["Consecrate+1","FlyingSleeves+1","Evaluate"],"picked":"SKIP","floor":37},{"not_picked":["WindmillStrike+1","CrushJoints+1"],"picked":"Fasting2+1","floor":38},{"not_picked":["Judgement","CrushJoints+1"],"picked":"Evaluate+1","floor":40},{"not_picked":["WheelKick+1","WreathOfFlame","ClearTheMind"],"picked":"Singing Bowl","floor":42},{"not_picked":["Weave+1","EmptyFist+1"],"picked":"Tantrum+1","floor":44},{"not_picked":["Weave+1","PathToVictory+1"],"picked":"Meditate","floor":46},{"not_picked":["EmptyFist+1","WindmillStrike+1"],"picked":"Weave+1","floor":48},{"not_picked":["DeceiveReality+1","EmptyFist+1"],"picked":"InnerPeace","floor":54}],"player_experience":628073,"relics_obtained":[{"floor":9,"key":"Damaru"},{"floor":11,"key":"InkBottle"},{"floor":24,"key":"Ancient Tea Set"},{"floor":26,"key":"Anchor"},{"floor":30,"key":"Gremlin Horn"},{"floor":38,"key":"Thread and Needle"},{"floor":42,"key":"Singing Bowl"},{"floor":44,"key":"HornCleat"},{"floor":48,"key":"Kunai"},{"floor":54,"key":"Toy Ornithopter"}],"event_choices":[{"damage_healed":0,"gold_gain":0,"player_choice":"Bought 2 Potions","damage_taken":0,"max_hp_gain":0,"max_hp_loss":0,"event_name":"The Woman in Blue","floor":3,"gold_loss":0},{"cards_removed":["Defend_P"],"damage_healed":0,"gold_gain":0,"player_choice":"Purged","damage_taken":0,"max_hp_gain":0,"max_hp_loss":0,"event_name":"Purifier","floor":13,"gold_loss":0},{"damage_healed":0,"gold_gain":0,"player_choice":"Got Potions","damage_taken":0,"max_hp_gain":0,"max_hp_loss":0,"event_name":"Lab","floor":29,"gold_loss":0},{"damage_healed":0,"gold_gain":0,"player_choice":"Fight","damage_taken":0,"max_hp_gain":0,"max_hp_loss":0,"event_name":"Mysterious Sphere","floor":38,"gold_loss":0},{"cards_removed":["Defend_P"],"damage_healed":0,"gold_gain":0,"player_choice":"Purged","damage_taken":0,"max_hp_gain":0,"max_hp_loss":0,"event_name":"Purifier","floor":39,"gold_loss":0},{"damage_healed":0,"gold_gain":0,"player_choice":"Ignored","damage_taken":0,"max_hp_gain":0,"max_hp_loss":0,"event_name":"SecretPortal","floor":47,"gold_loss":0}],"is_beta":false,"boss_relics":[{"not_picked":["Runic Dome","Philosopher\u0027s Stone"],"picked":"VioletLotus"},{"not_picked":["Fusion Hammer","Snecko Eye"],"picked":"Sozu"}],"items_purged_floors":[20,31,53],"is_endless":false,"potions_floor_spawned":[1,10,11,16,21,24,30,33,36,40,42,54],"killed_by":"The Heart","ascension_level":1}