{"gold_per_floor":[109,122,132,132,132,132,142,155,155,155,190,190,190,209,209,209],"floor_reached":16,"playtime":538,"items_purged":[],"score":158,"play_id":"ed630ac0-350f-49be-9d5e-1924b4b0092d","local_time":"20230929210227","is_ascension_mode":true,"campfire_choices":[{"data":"CrushJoints","floor":6,"key":"SMITH"},{"data":"ThirdEye","floor":10,"key":"SMITH"},{"data":"MentalFortress","floor":12,"key":"SMITH"},{"data":"BowlingBash","floor":15,"key":"SMITH"}],"neow_cost":"NONE","seed_source_timestamp":1101535846410899,"circlet_count":0,"master_deck":["AscendersBane","Strike_P","Strike_P","Strike_P","Strike_P","Defend_P","Defend_P","Defend_P","Eruption+1","Vigilance","CrushJoints+1","ThirdEye+1","MentalFortress+1","BowlingBash+1"],"relics":["PureWater","Gremlin Horn","Bottled Tornado"],"potions_floor_usage":[7],"damage_taken":[{"damage":0,"enemies":"Cultist","floor":1,"turns":3},{"damage":5,"enemies":"Small Slimes","floor":2,"turns":5},{"damage":2,"enemies":"Jaw Worm","floor":3,"turns":4},{"damage":9,"enemies":"Lots of Slimes","floor":7,"turns":4},{"damage":0,"enemies":"Large Slime","floor":8,"turns":4},{"damage":28,"enemies":"Lagavulin","floor":11,"turns":6},{"damage":5,"enemies":"Red Slaver","floor":14,"turns":3},{"damage":68,"enemies":"Hexaghost","floor":16,"turns":9}],"seed_played":"714570873583534345","potions_obtained":[{"floor":3,"key":"Block Potion"},{"floor":8,"key":"Ancient Potion"}],"is_trial":false,"path_per_floor":["M","M","M","?","?","R","M","M","T","R","E","R","?","M","R","B"],"character_chosen":"WATCHER","items_purchased":[],"campfire_rested":0,"item_purchase_floors":[],"current_hp_per_floor":[65,60,58,51,51,51,42,42,42,42,14,14,72,67,67,0],"gold":209,"neow_bonus":"UPGRADE_CARD","is_prod":false,"is_daily":false,"chose_seed":false,"campfire_upgraded":4,"win_rate":0,"timestamp":1696046547,"path_taken":["M","M","M","?","?","R","?","?","T","R","E","R","?","M","R","BOSS"],"build_version":"2022-12-18","purchased_purges":0,"victory":false,"max_hp_per_floor":[72,72,72,72,72,72,72,72,72,72,72,72,72,72,72,72],"card_choices":[{"not_picked":["FlyingSleeves","Pray"],"picked":"TalkToTheHand","floor":1},{"not_picked":["Protect","EmptyBody"],"picked":"CrushJoints","floor":2},{"not_picked":["Prostrate","Protect","PathToVictory"],"picked":"SKIP","floor":3},{"not_picked":["Protect","Wireheading"],"picked":"ThirdEye","floor":7},{"not_picked":["JustLucky","FearNoEvil"],"picked":"MentalFortress","floor":8},{"not_picked":["MasterReality","ThirdEye","ClearTheMind"],"picked":"SKIP","floor":11},{"not_picked":["PathToVictory","JustLucky"],"picked":"BowlingBash","floor":14}],"player_experience":796323,"relics_obtained":[{"floor":9,"key":"Gremlin Horn"},{"floor":11,"key":"Bottled Tornado"}],"event_choices":[{"cards_removed":["Defend_P"],"damage_healed":0,"gold_gain":0,"player_choice":"Card Removal","damage_taken":7,"max_hp_gain":0,"max_hp_loss":0,"event_name":"Golden Wing","floor":4,"gold_loss":0},{"damage_healed":0,"gold_gain":0,"player_choice":"Ignored","damage_taken":0,"max_hp_gain":0,"max_hp_loss":0,"event_name":"Liars Game","floor":5,"gold_loss":0},{"cards_removed":["TalkToTheHand"],"damage_healed":58,"gold_gain":0,"player_choice":"Offered Uncommon","damage_taken":0,"max_hp_gain":0,"max_hp_loss":0,"event_name":"Bonfire Elementals","floor":13,"gold_loss":0}],"is_beta":false,"boss_relics":[],"items_purged_floors":[],"is_endless":false,"potions_floor_spawned":[3,8],"killed_by":"Hexaghost","ascension_level":11}