{"gold_per_floor":[15,25,36,36,47,47,47,77,125,125,155,155,165,200,200,300,300,310,310,323,334,349,349,349],"floor_reached":24,"playtime":913,"items_purged":[],"score":338,"play_id":"b128a635-4a27-400f-a3f1-676ff4b7bae7","local_time":"20230929193005","is_ascension_mode":true,"campfire_choices":[{"data":"Eruption","floor":6,"key":"SMITH"},{"floor":10,"key":"DIG"},{"floor":12,"key":"REST"},{"data":"Wallop","floor":15,"key":"SMITH"},{"floor":23,"key":"REST"}],"neow_cost":"NO_GOLD","seed_source_timestamp":1095615662987200,"circlet_count":0,"master_deck":["AscendersBane","Strike_P","Strike_P","Strike_P+1","Defend_P","Defend_P","Defend_P","Eruption+1","Vigilance+1","ReachHeaven","CutThroughFate+1","CrushJoints","Meditate+1","BowlingBash+1","Wallop+1","InnerPeace+1","LessonLearned","Indignation+1","Halt","MentalFortress"],"relics":["PureWater","Shovel","Kunai","War Paint","Orichalcum","Mango","Philosopher\u0027s Stone"],"potions_floor_usage":[8,11],"damage_taken":[{"damage":0,"enemies":"Cultist","floor":1,"turns":2},{"damage":4,"enemies":"Small Slimes","floor":2,"turns":4},{"damage":7,"enemies":"Jaw Worm","floor":3,"turns":3},{"damage":16,"enemies":"Lots of Slimes","floor":5,"turns":4},{"damage":7,"enemies":"Lagavulin","floor":8,"turns":3},{"damage":15,"enemies":"Gremlin Nob","floor":11,"turns":4},{"damage":1,"enemies":"Gremlin Gang","floor":13,"turns":5},{"damage":3,"enemies":"3 Sentries","floor":14,"turns":4},{"damage":14,"enemies":"The Guardian","floor":16,"turns":8},{"damage":16,"enemies":"Shell Parasite","floor":18,"turns":5},{"damage":7,"enemies":"3 Byrds","floor":20,"turns":3},{"damage":31,"enemies":"Shelled Parasite and Fungi","floor":21,"turns":4},{"damage":0,"enemies":"Sentry and Sphere","floor":22,"turns":3},{"damage":48,"enemies":"Slavers","floor":24,"turns":2}],"seed_played":"3674785577232246641","potions_obtained":[{"floor":1,"key":"AttackPotion"},{"floor":3,"key":"GamblersBrew"},{"floor":5,"key":"Block Potion"},{"floor":8,"key":"FearPotion"},{"floor":13,"key":"BottledMiracle"}],"is_trial":false,"path_per_floor":["M","M","M","?","M","R","?","E","T","R","E","R","M","E","R","B",null,"M","?","M","M","M","R","E"],"character_chosen":"WATCHER","items_purchased":[],"campfire_rested":2,"item_purchase_floors":[],"current_hp_per_floor":[65,61,54,54,38,38,31,24,24,24,9,30,29,40,40,26,71,55,55,48,17,17,42,0],"gold":349,"neow_bonus":"ONE_RARE_RELIC","is_prod":false,"is_daily":false,"chose_seed":false,"campfire_upgraded":2,"win_rate":0,"timestamp":1696041005,"path_taken":["M","M","M","?","M","R","?","E","T","R","E","R","M","E","R","BOSS","M","?","?","M","M","R","E"],"build_version":"2022-12-18","purchased_purges":0,"victory":false,"max_hp_per_floor":[72,72,72,72,72,72,72,72,72,72,72,72,72,86,86,86,86,86,86,86,86,86,86,86],"card_choices":[{"not_picked":["LikeWater","PathToVictory","WindmillStrike"],"picked":"SKIP","floor":1},{"not_picked":["FlurryOfBlows","Worship"],"picked":"ReachHeaven","floor":2},{"not_picked":["ForeignInfluence","FlurryOfBlows"],"picked":"CutThroughFate","floor":3},{"not_picked":["Weave","SashWhip"],"picked":"CrushJoints","floor":5},{"not_picked":["EmptyBody","Halt"],"picked":"Meditate","floor":8},{"not_picked":["Collect","Ragnarok"],"picked":"BowlingBash","floor":11},{"not_picked":["Indignation","Perseverance"],"picked":"Wallop","floor":13},{"not_picked":["ClearTheMind","Crescendo"],"picked":"InnerPeace","floor":14},{"not_picked":["ConjureBlade","Ragnarok"],"picked":"LessonLearned","floor":16},{"not_picked":["Prostrate","CutThroughFate"],"picked":"Indignation+1","floor":18},{"not_picked":["SandsOfTime+1","PathToVictory"],"picked":"Halt","floor":20},{"not_picked":["EmptyBody+1","Crescendo"],"picked":"MentalFortress","floor":21},{"not_picked":["Meditate","Perseverance+1","SashWhip"],"picked":"SKIP","floor":22}],"player_experience":794107,"relics_obtained":[{"floor":8,"key":"Kunai"},{"floor":10,"key":"War Paint"},{"floor":11,"key":"Orichalcum"},{"floor":14,"key":"Mango"}],"event_choices":[{"cards_removed":["Defend_P"],"damage_healed":0,"gold_gain":0,"player_choice":"Forget","damage_taken":0,"max_hp_gain":0,"max_hp_loss":0,"event_name":"Living Wall","floor":4,"gold_loss":0},{"cards_removed":["Strike_P"],"damage_healed":0,"gold_gain":0,"player_choice":"Card Removal","damage_taken":7,"max_hp_gain":0,"max_hp_loss":0,"event_name":"Golden Wing","floor":7,"gold_loss":0},{"damage_healed":0,"gold_gain":0,"player_choice":"Bought 0 Potions","damage_taken":0,"max_hp_gain":0,"max_hp_loss":0,"event_name":"The Woman in Blue","floor":19,"gold_loss":0}],"is_beta":false,"boss_relics":[{"not_picked":["Runic Dome","Pandora\u0027s Box"],"picked":"Philosopher\u0027s Stone"}],"items_purged_floors":[],"is_endless":false,"potions_floor_spawned":[1,3,5,8,13,21,22],"killed_by":"Slavers","ascension_level":11}