{"gold_per_floor":[117,137,39,54,69,69,103,178,178,178,198,217,217,244,244,348,348,365,365,92,103,103,103,133,33,33,33,46,46,46,60,60,60],"floor_reached":33,"playtime":967,"items_purged":["Strike_P","Strike_P"],"score":543,"play_id":"899a296d-0460-4d99-b5a1-3642bf9d9dac","local_time":"20230929205320","is_ascension_mode":true,"campfire_choices":[{"data":"Eruption","floor":6,"key":"SMITH"},{"data":"Consecrate","floor":10,"key":"SMITH"},{"data":"CrushJoints","floor":15,"key":"SMITH"},{"data":"RitualDagger","floor":23,"key":"SMITH"},{"data":"Adaptation","floor":27,"key":"SMITH"},{"data":"Vault","floor":30,"key":"SMITH"},{"floor":32,"key":"REST"}],"neow_cost":"NONE","seed_source_timestamp":1100559949941200,"circlet_count":0,"master_deck":["AscendersBane","Strike_P","Strike_P","Defend_P","Defend_P","Defend_P","Eruption+1","Vigilance","Consecrate+1","FearNoEvil","CrushJoints+1","Adaptation+1","FollowUp","Halt","ReachHeaven","BowlingBash+1","FlurryOfBlows","WheelKick+1","RitualDagger+1","FlurryOfBlows","Injury","Vault+1"],"relics":["PureWater","NeowsBlessing","TeardropLocket","Yang","Kunai","Cursed Key","MutagenicStrength","Centennial Puzzle","Nunchaku"],"potions_floor_usage":[28,33,33],"damage_taken":[{"damage":0,"enemies":"2 Louse","floor":1,"turns":1},{"damage":0,"enemies":"Small Slimes","floor":2,"turns":1},{"damage":0,"enemies":"Jaw Worm","floor":4,"turns":1},{"damage":0,"enemies":"2 Fungi Beasts","floor":5,"turns":3},{"damage":0,"enemies":"Gremlin Nob","floor":7,"turns":2},{"damage":0,"enemies":"Large Slime","floor":11,"turns":3},{"damage":1,"enemies":"Blue Slaver","floor":12,"turns":4},{"damage":11,"enemies":"3 Sentries","floor":14,"turns":6},{"damage":0,"enemies":"Slime Boss","floor":16,"turns":5},{"damage":0,"enemies":"Chosen","floor":18,"turns":1},{"damage":0,"enemies":"Spheric Guardian","floor":21,"turns":3},{"damage":13,"enemies":"Slavers","floor":24,"turns":6},{"damage":12,"enemies":"Centurion and Healer","floor":28,"turns":3},{"damage":12,"enemies":"Chosen and Byrds","floor":31,"turns":7},{"damage":47,"enemies":"Champ","floor":33,"turns":5}],"seed_played":"6571562525918663293","potions_obtained":[{"floor":4,"key":"EssenceOfSteel"},{"floor":7,"key":"SmokeBomb"},{"floor":21,"key":"StancePotion"},{"floor":28,"key":"SkillPotion"}],"is_trial":false,"path_per_floor":["M","M","$","M","M","R","E","?","T","R","M","M","?","E","R","B",null,"M","?","$","M","?","R","E","$","T","R","M","?","R","M","R","B"],"character_chosen":"WATCHER","items_purchased":["CrushJoints","Adaptation","FlurryOfBlows","Centennial Puzzle"],"campfire_rested":1,"item_purchase_floors":[3,3,20,20],"current_hp_per_floor":[65,65,65,65,65,65,65,54,54,54,54,53,46,35,35,35,63,63,63,63,63,57,57,44,44,44,44,32,32,32,20,41,0],"gold":60,"neow_bonus":"THREE_ENEMY_KILL","is_prod":false,"is_daily":false,"chose_seed":false,"campfire_upgraded":6,"win_rate":0,"timestamp":1696046000,"path_taken":["M","M","$","M","M","R","E","?","T","R","M","M","?","E","R","BOSS","M","?","$","M","?","R","E","?","T","R","M","?","R","M","R","BOSS"],"build_version":"2022-12-18","purchased_purges":2,"victory":false,"max_hp_per_floor":[72,72,72,72,72,72,72,72,72,72,72,72,72,72,72,72,72,72,72,72,72,72,72,72,72,72,72,72,72,72,72,72,72],"card_choices":[{"not_picked":["Prostrate","LikeWater"],"picked":"Consecrate","floor":1},{"not_picked":["Protect","Worship"],"picked":"FearNoEvil","floor":2},{"not_picked":["Consecrate","JustLucky","FlyingSleeves"],"picked":"SKIP","floor":4},{"not_picked":["Evaluate","Weave"],"picked":"FollowUp","floor":5},{"not_picked":["DeusExMachina","Halt","PathToVictory"],"picked":"SKIP","floor":7},{"not_picked":["FollowUp","ReachHeaven"],"picked":"Halt","floor":11},{"not_picked":["Protect","WindmillStrike"],"picked":"ReachHeaven","floor":12},{"not_picked":["Evaluate","Study","BattleHymn"],"picked":"SKIP","floor":14},{"not_picked":["EmptyBody","Evaluate"],"picked":"BowlingBash+1","floor":18},{"not_picked":["WheelKick+1","CutThroughFate","BowlingBash"],"picked":"SKIP","floor":21},{"not_picked":["CutThroughFate","BowlingBash"],"picked":"WheelKick+1","floor":21},{"not_picked":["WindmillStrike","Prostrate+1"],"picked":"FlurryOfBlows","floor":24},{"not_picked":["FollowUp+1","JustLucky+1"],"picked":"Vault","floor":28},{"not_picked":["CrushJoints+1","SashWhip","EmptyFist"],"picked":"SKIP","floor":31}],"player_experience":795356,"relics_obtained":[{"floor":7,"key":"TeardropLocket"},{"floor":9,"key":"Yang"},{"floor":14,"key":"Kunai"},{"floor":24,"key":"Nunchaku"}],"event_choices":[{"damage_healed":0,"gold_gain":75,"player_choice":"Gather Gold","damage_taken":11,"max_hp_gain":0,"max_hp_loss":0,"event_name":"World of Goop","floor":8,"gold_loss":0},{"cards_removed":["Defend_P"],"damage_healed":0,"gold_gain":0,"player_choice":"Card Removal","damage_taken":7,"max_hp_gain":0,"max_hp_loss":0,"event_name":"Golden Wing","floor":13,"gold_loss":0},{"damage_healed":0,"gold_gain":0,"player_choice":"Inject Mutagens","damage_taken":0,"relics_obtained":["MutagenicStrength"],"max_hp_gain":0,"max_hp_loss":0,"event_name":"Drug Dealer","floor":19,"gold_loss":0},{"damage_healed":0,"gold_gain":0,"player_choice":"Joined the Cult","damage_taken":6,"max_hp_gain":0,"max_hp_loss":0,"event_name":"Nest","floor":22,"gold_loss":0,"cards_obtained":["RitualDagger"]}],"is_beta":false,"boss_relics":[{"not_picked":["Tiny House","HolyWater"],"picked":"Cursed Key"}],"items_purged_floors":[20,25],"is_endless":false,"potions_floor_spawned":[4,7,11,12,21,24,28],"killed_by":"Champ","ascension_level":11}