{"gold_per_floor":[111,127,143,143,21,21,49,84,153,153,183,6,37,48,48,144,144,159,170,170,185,95,126,126,157,157,157,169,44,44,69,69,169,169,184,139,156,156,173,203,203,238,238,238,248,248,278,290,290,290,290,290,64,92,92],"floor_reached":56,"playtime":2646,"items_purged":["Strike_P","Strike_P","Strike_P"],"score":2255,"play_id":"bf223a71-ee70-4e4a-bef9-38529628a7c1","local_time":"20231002220046","is_ascension_mode":true,"campfire_choices":[{"data":"Eruption","floor":6,"key":"SMITH"},{"data":"EmptyFist","floor":10,"key":"SMITH"},{"data":"Wallop","floor":15,"key":"SMITH"},{"data":"RitualDagger","floor":24,"key":"SMITH"},{"data":"Blasphemy","floor":27,"key":"SMITH"},{"data":"SandsOfTime","floor":30,"key":"SMITH"},{"data":"Adaptation","floor":32,"key":"SMITH"},{"data":"WheelKick","floor":41,"key":"SMITH"},{"data":"Halt","floor":46,"key":"SMITH"},{"floor":49,"key":"RECALL"},{"data":"Indignation","floor":52,"key":"SMITH"}],"neow_cost":"TEN_PERCENT_HP_LOSS","seed_source_timestamp":1362109035845100,"circlet_count":0,"master_deck":["AscendersBane","Eruption+1","Vigilance","Indignation+1","SandsOfTime+1","WheelKick+1","EmptyFist+1","Halt+1","Wallop+1","MentalFortress+1","Blasphemy+1","SashWhip+1","Halt+1","WaveOfTheHand+1","Adaptation+1","RitualDagger+1","CurseOfTheBell","Prostrate+1","ThirdEye","CrushJoints+1","Finesse","Finesse","Dark Shackles","CutThroughFate","FearNoEvil+1","InnerPeace+1","Wireheading"],"relics":["PureWater","Lantern","Odd Mushroom","Bag of Marbles","InkBottle","Eternal Feather","Matryoshka","Astrolabe","Tiny Chest","Gremlin Horn","HornCleat","Nunchaku","Damaru","Calling Bell","Boot","TeardropLocket","GoldenEye","Art of War","PreservedInsect","Smiling Mask","Calipers","Oddly Smooth Stone","Mummified Hand"],"potions_floor_usage":[7,11,21,55],"damage_taken":[{"damage":0,"enemies":"2 Louse","floor":1,"turns":2},{"damage":0,"enemies":"Cultist","floor":2,"turns":2},{"damage":4,"enemies":"Jaw Worm","floor":3,"turns":3},{"damage":18,"enemies":"The Mushroom Lair","floor":7,"turns":3},{"damage":0,"enemies":"Lagavulin","floor":8,"turns":4},{"damage":2,"enemies":"3 Sentries","floor":11,"turns":3},{"damage":0,"enemies":"Lagavulin","floor":13,"turns":2},{"damage":0,"enemies":"2 Fungi Beasts","floor":14,"turns":1},{"damage":21,"enemies":"The Guardian","floor":16,"turns":9},{"damage":0,"enemies":"Chosen","floor":18,"turns":1},{"damage":2,"enemies":"3 Byrds","floor":19,"turns":5},{"damage":0,"enemies":"Snake Plant","floor":21,"turns":2},{"damage":2,"enemies":"Book of Stabbing","floor":23,"turns":4},{"damage":0,"enemies":"Gremlin Leader","floor":25,"turns":3},{"damage":3,"enemies":"Snecko","floor":28,"turns":4},{"damage":0,"enemies":"Slavers","floor":31,"turns":3},{"damage":0,"enemies":"Champ","floor":33,"turns":7},{"damage":0,"enemies":"3 Darklings","floor":35,"turns":3},{"damage":0,"enemies":"3 Shapes","floor":37,"turns":2},{"damage":9,"enemies":"Sphere and 2 Shapes","floor":39,"turns":2},{"damage":0,"enemies":"Reptomancer","floor":40,"turns":3},{"damage":0,"enemies":"Nemesis","floor":42,"turns":3},{"damage":7,"enemies":"Writhing Mass","floor":45,"turns":2},{"damage":0,"enemies":"Giant Head","floor":47,"turns":3},{"damage":0,"enemies":"Spire Growth","floor":48,"turns":4},{"damage":8,"enemies":"Awakened One","floor":50,"turns":8},{"damage":0,"enemies":"Shield and Spear","floor":54,"turns":1},{"damage":7,"enemies":"The Heart","floor":55,"turns":8}],"seed_played":"4133749285697997611","potions_obtained":[{"floor":2,"key":"SpeedPotion"},{"floor":3,"key":"AttackPotion"},{"floor":8,"key":"Energy Potion"},{"floor":14,"key":"Weak Potion"},{"floor":16,"key":"CultistPotion"},{"floor":21,"key":"Fire Potion"},{"floor":31,"key":"SteroidPotion"}],"is_trial":false,"path_per_floor":["M","M","M","?","$","R","?","E","T","R","E","$","E","M","R","B",null,"M","M","?","M","?","E","R","E","T","R","M","$","R","E","R","B",null,"M","$","M","?","M","E","R","E","T","?","M","R","E","M","R","B",null,"R","$","E","B",null],"character_chosen":"WATCHER","items_purchased":["EmptyFist","DistilledChaos","ThirdEye","Wireheading","Oddly Smooth Stone"],"campfire_rested":0,"item_purchase_floors":[5,12,36,53,53],"current_hp_per_floor":[65,65,61,61,61,61,43,43,43,43,41,41,41,41,50,29,56,56,54,48,48,48,46,55,55,55,64,61,61,65,65,65,65,65,65,65,65,55,46,46,58,58,58,58,51,62,62,62,62,54,60,62,62,62,55],"gold":92,"neow_bonus":"TRANSFORM_TWO_CARDS","is_prod":false,"is_daily":false,"chose_seed":false,"campfire_upgraded":10,"win_rate":0,"timestamp":1696309246,"path_taken":["M","M","M","?","?","R","?","E","T","R","E","$","E","?","R","BOSS","M","M","?","M","?","E","R","E","T","R","?","$","R","E","R","BOSS","M","$","M","?","M","E","R","E","T","?","M","R","E","M","R","BOSS","R","$","E","BOSS"],"build_version":"2022-12-18","purchased_purges":3,"victory":true,"max_hp_per_floor":[65,65,65,65,65,65,65,65,65,65,65,65,65,65,65,65,65,65,65,65,65,65,65,65,65,65,65,65,65,65,65,65,65,65,65,65,65,65,65,65,65,65,65,62,62,62,62,62,62,62,62,62,62,62,62],"card_choices":[{"not_picked":["PathToVictory","Study","JustLucky"],"picked":"SKIP","floor":1},{"not_picked":["Meditate","FollowUp"],"picked":"SandsOfTime","floor":2},{"not_picked":["CutThroughFate","Vengeance"],"picked":"WheelKick","floor":3},{"not_picked":["FollowUp","Crescendo"],"picked":"Halt","floor":7},{"not_picked":["Study","Pray","CrushJoints"],"picked":"SKIP","floor":8},{"not_picked":["SignatureMove","Prostrate","WreathOfFlame"],"picked":"SKIP","floor":11},{"not_picked":["CrushJoints","Protect"],"picked":"Wallop","floor":13},{"not_picked":["Prostrate","Pray"],"picked":"MentalFortress","floor":14},{"not_picked":["Judgement","Establishment"],"picked":"Blasphemy","floor":16},{"not_picked":["Fasting2+1","JustLucky","EmptyFist"],"picked":"SKIP","floor":18},{"not_picked":["DeceiveReality","Consecrate+1"],"picked":"Adaptation","floor":19},{"not_picked":["Worship+1","Consecrate","Crescendo"],"picked":"SKIP","floor":21},{"not_picked":["PathToVictory","LikeWater","EmptyBody"],"picked":"SKIP","floor":23},{"not_picked":["MasterReality","BowlingBash","Omniscience"],"picked":"SKIP","floor":25},{"not_picked":["FlyingSleeves+1","Protect","EmptyBody"],"picked":"SKIP","floor":28},{"not_picked":["BattleHymn+1","CrushJoints","Crescendo"],"picked":"SKIP","floor":31},{"not_picked":["ClearTheMind+1","BowlingBash"],"picked":"Prostrate+1","floor":35},{"not_picked":["MentalFortress","Protect+1"],"picked":"CrushJoints+1","floor":37},{"not_picked":["Dramatic Entrance","Mind Blast"],"picked":"Finesse","floor":38},{"not_picked":["Dramatic Entrance","Blind"],"picked":"Finesse","floor":38},{"not_picked":["Dramatic Entrance","HandOfGreed"],"picked":"Dark Shackles","floor":38},{"not_picked":["Adaptation","FlurryOfBlows+1"],"picked":"CutThroughFate","floor":39},{"not_picked":["Evaluate","ThirdEye+1","FlyingSleeves"],"picked":"SKIP","floor":40},{"not_picked":["Swivel","SandsOfTime","ClearTheMind"],"picked":"SKIP","floor":42},{"not_picked":["EmptyFist+1","BowlingBash+1"],"picked":"FearNoEvil+1","floor":45},{"not_picked":["Nirvana+1","Judgement"],"picked":"InnerPeace+1","floor":47},{"not_picked":["Worship","Crescendo","DeceiveReality"],"picked":"SKIP","floor":48},{"not_picked":["CarveReality+1","EmptyFist","Fasting2+1"],"picked":"SKIP","floor":54}],"player_experience":802116,"relics_obtained":[{"floor":7,"key":"Odd Mushroom"},{"floor":8,"key":"Bag of Marbles"},{"floor":9,"key":"InkBottle"},{"floor":11,"key":"Eternal Feather"},{"floor":13,"key":"Matryoshka"},{"floor":23,"key":"Tiny Chest"},{"floor":25,"key":"Gremlin Horn"},{"floor":26,"key":"HornCleat"},{"floor":26,"key":"Nunchaku"},{"floor":31,"key":"Damaru"},{"floor":34,"key":"Boot"},{"floor":34,"key":"TeardropLocket"},{"floor":34,"key":"GoldenEye"},{"floor":40,"key":"Art of War"},{"floor":42,"key":"PreservedInsect"},{"floor":43,"key":"Smiling Mask"},{"floor":47,"key":"Calipers"},{"floor":54,"key":"Mummified Hand"}],"event_choices":[{"damage_healed":0,"gold_gain":0,"player_choice":"Gave Potion","damage_taken":0,"relics_obtained":["Lantern"],"max_hp_gain":0,"max_hp_loss":0,"event_name":"WeMeetAgain","floor":4,"gold_loss":0},{"damage_healed":0,"gold_gain":0,"player_choice":"Fought Mushrooms","damage_taken":0,"max_hp_gain":0,"max_hp_loss":0,"event_name":"Mushrooms","floor":7,"gold_loss":0},{"damage_healed":0,"gold_gain":0,"player_choice":"Joined the Cult","damage_taken":6,"max_hp_gain":0,"max_hp_loss":0,"event_name":"Nest","floor":20,"gold_loss":0,"cards_obtained":["RitualDagger"]},{"cards_removed":["Defend_P"],"damage_healed":0,"gold_gain":0,"player_choice":"Upgrade and Remove","damage_taken":0,"max_hp_gain":0,"max_hp_loss":0,"event_name":"Designer","floor":22,"gold_loss":90,"cards_upgraded":["MentalFortress"]},{"damage_healed":0,"gold_gain":0,"player_choice":"Memory 3","damage_taken":10,"max_hp_gain":0,"max_hp_loss":0,"event_name":"SensoryStone","floor":38,"gold_loss":0},{"damage_healed":0,"gold_gain":0,"player_choice":"Max HP","damage_taken":0,"max_hp_gain":0,"max_hp_loss":3,"event_name":"Winding Halls","floor":44,"gold_loss":0}],"is_beta":false,"boss_relics":[{"not_picked":["Pandora\u0027s Box","Runic Dome"],"picked":"Astrolabe"},{"not_picked":["Velvet Choker","Tiny House"],"picked":"Calling Bell"}],"items_purged_floors":[5,12,29],"is_endless":false,"potions_floor_spawned":[2,3,8,14,16,18,21,31,33,37,40,42,45,47,54],"ascension_level":11}