{"gold_per_floor":[361,375,385,385,400,400,419,450,473,473,473,502,502,534,534,634,634,651,651,576,594,102,129,129,129,129,129,129,149,149,149,149,248,248,260,278,297,320,173,173],"floor_reached":40,"playtime":1653,"items_purged":["Strike_P","Strike_P"],"score":732,"play_id":"f81aacd8-fc16-40d8-be7a-ca0c6b61c334","local_time":"20230929225552","is_ascension_mode":true,"campfire_choices":[{"data":"Eruption","floor":6,"key":"SMITH"},{"data":"CrushJoints","floor":13,"key":"SMITH"},{"data":"Tantrum","floor":15,"key":"SMITH"},{"floor":25,"key":"REST"},{"data":"Wallop","floor":28,"key":"SMITH"},{"data":"Halt","floor":30,"key":"SMITH"},{"floor":32,"key":"REST"}],"neow_cost":"TEN_PERCENT_HP_LOSS","seed_source_timestamp":1107223460974799,"circlet_count":0,"master_deck":["AscendersBane","Defend_P+1","Defend_P+1","Eruption+1","Vigilance","BowlingBash","FlurryOfBlows","ThirdEye","CrushJoints+1","Tantrum+1","DeusExMachina","EmptyFist+1","BattleHymn+1","FlyingSleeves+1","Halt+1","Sanctity","Meditate","Wallop+1","Evaluate+1","Vault+1","CutThroughFate+1","Halt+1","EmptyBody+1"],"relics":["PureWater","Omamori","Lantern","War Paint","Akabeko","StrikeDummy","Astrolabe","Pear","Matryoshka","Question Card","Darkstone Periapt","Toxic Egg 2","Art of War","Runic Pyramid","PreservedInsect"],"potions_floor_usage":[8,12,14,16,33,37],"damage_taken":[{"damage":0,"enemies":"Small Slimes","floor":1,"turns":3},{"damage":0,"enemies":"2 Louse","floor":2,"turns":2},{"damage":0,"enemies":"Cultist","floor":3,"turns":2},{"damage":3,"enemies":"Looter","floor":5,"turns":5},{"damage":13,"enemies":"Large Slime","floor":7,"turns":6},{"damage":0,"enemies":"Gremlin Nob","floor":8,"turns":2},{"damage":0,"enemies":"3 Sentries","floor":12,"turns":2},{"damage":4,"enemies":"Gremlin Nob","floor":14,"turns":3},{"damage":14,"enemies":"Hexaghost","floor":16,"turns":6},{"damage":14,"enemies":"2 Thieves","floor":18,"turns":3},{"damage":12,"enemies":"Chosen","floor":21,"turns":3},{"damage":20,"enemies":"Slavers","floor":23,"turns":3},{"damage":12,"enemies":"Shelled Parasite and Fungi","floor":29,"turns":3},{"damage":35,"enemies":"Collector","floor":33,"turns":8},{"damage":14,"enemies":"3 Darklings","floor":35,"turns":6},{"damage":0,"enemies":"Orb Walker","floor":36,"turns":3},{"damage":22,"enemies":"Writhing Mass","floor":37,"turns":8},{"damage":59,"enemies":"Reptomancer","floor":40,"turns":4}],"seed_played":"-6985661010743915892","potions_obtained":[{"floor":1,"key":"SteroidPotion"},{"floor":3,"key":"AttackPotion"},{"floor":11,"key":"AttackPotion"},{"floor":14,"key":"EssenceOfSteel"},{"floor":16,"key":"Explosive Potion"},{"floor":36,"key":"GamblersBrew"}],"is_trial":false,"path_per_floor":["M","M","M","?","M","R","M","E","T","?","?","E","R","E","R","B",null,"M","?","?","M","$","E","?","R","T","T","R","M","R","?","R","B",null,"M","M","M","T","$","E"],"character_chosen":"WATCHER","items_purchased":["Meditate","Fire Potion","Wallop","Pear","EmptyBody+1"],"campfire_rested":2,"item_purchase_floors":[22,22,22,22,39],"current_hp_per_floor":[65,65,65,62,59,59,46,46,46,46,46,46,46,42,42,28,56,42,31,31,19,29,9,9,33,33,33,33,21,21,21,45,10,63,49,49,27,27,27,0],"gold":173,"neow_bonus":"TWO_FIFTY_GOLD","is_prod":false,"is_daily":false,"chose_seed":false,"campfire_upgraded":5,"win_rate":0,"timestamp":1696053352,"path_taken":["M","M","M","?","M","R","M","E","T","?","?","E","R","E","R","BOSS","M","?","?","M","$","E","?","R","T","?","R","M","R","?","R","BOSS","M","M","M","?","$","E"],"build_version":"2022-12-18","purchased_purges":2,"victory":false,"max_hp_per_floor":[65,65,65,65,65,65,65,65,65,65,65,65,65,65,65,65,65,65,70,70,70,80,80,80,80,80,80,80,80,80,80,80,80,80,80,80,80,80,80,80],"card_choices":[{"not_picked":["EmptyBody","Halt"],"picked":"BowlingBash","floor":1},{"not_picked":["Collect","FlyingSleeves"],"picked":"FlurryOfBlows","floor":2},{"not_picked":["Halt","Fasting2"],"picked":"ThirdEye","floor":3},{"not_picked":["Meditate","FollowUp"],"picked":"CrushJoints","floor":5},{"not_picked":["Protect","Devotion"],"picked":"Tantrum","floor":7},{"not_picked":["Consecrate","Evaluate","ThirdEye"],"picked":"SKIP","floor":8},{"not_picked":["Consecrate","Crescendo"],"picked":"DeusExMachina","floor":12},{"not_picked":["Evaluate","ThirdEye","Perseverance"],"picked":"SKIP","floor":14},{"not_picked":["WindmillStrike","CrushJoints"],"picked":"Halt","floor":18},{"not_picked":["Crescendo","Prostrate+1"],"picked":"Sanctity","floor":21},{"not_picked":["CutThroughFate","Fasting2"],"picked":"Evaluate+1","floor":23},{"not_picked":["Crescendo+1","CrushJoints","EmptyFist","FlurryOfBlows"],"picked":"SKIP","floor":29},{"not_picked":["Establishment","DeusExMachina+1","Blasphemy+1"],"picked":"Vault+1","floor":33},{"not_picked":["Wallop","SashWhip","Study"],"picked":"CutThroughFate+1","floor":35},{"not_picked":["FollowUp+1","CrushJoints+1","Nirvana"],"picked":"Halt+1","floor":36},{"not_picked":["FlurryOfBlows+1","SashWhip+1","BattleHymn","Adaptation"],"picked":"SKIP","floor":37}],"player_experience":796861,"relics_obtained":[{"floor":8,"key":"Lantern"},{"floor":9,"key":"War Paint"},{"floor":12,"key":"Akabeko"},{"floor":14,"key":"StrikeDummy"},{"floor":23,"key":"Matryoshka"},{"floor":26,"key":"Question Card"},{"floor":26,"key":"Darkstone Periapt"},{"floor":27,"key":"Toxic Egg 2"},{"floor":27,"key":"Art of War"},{"floor":38,"key":"PreservedInsect"}],"event_choices":[{"damage_healed":0,"gold_gain":0,"player_choice":"Success","damage_taken":3,"relics_obtained":["Omamori"],"max_hp_gain":0,"max_hp_loss":0,"event_name":"Scrap Ooze","floor":4,"gold_loss":0},{"damage_healed":0,"gold_gain":0,"player_choice":"Ignored","damage_taken":0,"max_hp_gain":0,"max_hp_loss":0,"event_name":"Liars Game","floor":10,"gold_loss":0},{"damage_healed":0,"gold_gain":0,"player_choice":"Got Potions","damage_taken":0,"max_hp_gain":0,"max_hp_loss":0,"event_name":"Lab","floor":11,"gold_loss":0},{"damage_healed":0,"gold_gain":0,"player_choice":"Shed Blood","damage_taken":16,"max_hp_gain":5,"max_hp_loss":0,"event_name":"Forgotten Altar","floor":19,"gold_loss":0},{"cards_removed":["Strike_P"],"damage_healed":0,"gold_gain":0,"player_choice":"Gave Gold","damage_taken":0,"max_hp_gain":0,"max_hp_loss":0,"event_name":"Beggar","floor":20,"gold_loss":75},{"damage_healed":0,"gold_gain":0,"player_choice":"Ignored","damage_taken":0,"max_hp_gain":0,"max_hp_loss":0,"event_name":"The Mausoleum","floor":24,"gold_loss":0},{"damage_healed":0,"gold_gain":0,"player_choice":"0 cards matched","damage_taken":0,"max_hp_gain":0,"max_hp_loss":0,"event_name":"Match and Keep!","floor":31,"gold_loss":0,"cards_obtained":[]}],"is_beta":false,"boss_relics":[{"not_picked":["Empty Cage","Velvet Choker"],"picked":"Astrolabe"},{"not_picked":["Pandora\u0027s Box","Black Star"],"picked":"Runic Pyramid"}],"items_purged_floors":[22,39],"is_endless":false,"potions_floor_spawned":[1,3,7,14,16,29,36],"killed_by":"Reptomancer","ascension_level":11}