{"gold_per_floor":[15,32,51,51,62,62,87,87,113,131,149,168,168,59,59,159,159,178,206,206,206,226,226,251,251,333,350,350,50,50,63,63,184,184,194,123,345,363,363,363,392,392,392,392,420,420,446,457,457,457,457,457,36,66,66],"floor_reached":55,"playtime":2421,"items_purged":["Strike_P","Strike_P"],"score":1237,"play_id":"4e502326-296f-479a-8dfb-ad78bfe47627","local_time":"20231002193604","is_ascension_mode":true,"campfire_choices":[{"data":"Eruption","floor":6,"key":"SMITH"},{"data":"FlyingSleeves","floor":8,"key":"SMITH"},{"data":"EmptyFist","floor":13,"key":"SMITH"},{"data":"SandsOfTime","floor":15,"key":"SMITH"},{"data":"Adaptation","floor":23,"key":"SMITH"},{"data":"CrushJoints","floor":25,"key":"SMITH"},{"data":"MentalFortress","floor":28,"key":"SMITH"},{"data":"Tantrum","floor":30,"key":"SMITH"},{"data":"Meditate","floor":32,"key":"SMITH"},{"data":"MentalFortress","floor":40,"key":"SMITH"},{"data":"SpiritShield","floor":42,"key":"SMITH"},{"data":"SashWhip","floor":44,"key":"SMITH"},{"floor":46,"key":"RECALL"},{"data":"CutThroughFate","floor":49,"key":"SMITH"},{"data":"EmptyMind","floor":52,"key":"SMITH"}],"neow_cost":"NO_GOLD","seed_source_timestamp":1353675380938400,"circlet_count":0,"master_deck":["AscendersBane","Strike_P","Strike_P","Defend_P","Defend_P+1","Eruption+1","Vigilance+1","Sanctity","FlyingSleeves+1","Adaptation+1","SashWhip+1","SandsOfTime+1","EmptyFist+1","EmptyMind+1","CutThroughFate+1","MentalFortress+1","Meditate+1","Establishment","ForeignInfluence+1","CrushJoints+1","ForeignInfluence+1","Tantrum+1","EmptyBody+1","SpiritShield+1","MentalFortress+1","EmptyMind+1"],"relics":["PureWater","Akabeko","War Paint","Coffee Dripper","Red Mask","Matryoshka","Toy Ornithopter","Eternal Feather","Pen Nib","Bag of Marbles","Busted Crown","GoldenEye","Art of War","Meat on the Bone","Torii","Ornamental Fan","Boot"],"potions_floor_usage":[5,7,24,33,33,50,55,55],"damage_taken":[{"damage":5,"enemies":"Small Slimes","floor":1,"turns":3},{"damage":5,"enemies":"Jaw Worm","floor":2,"turns":7},{"damage":0,"enemies":"2 Louse","floor":3,"turns":1},{"damage":7,"enemies":"Exordium Wildlife","floor":5,"turns":3},{"damage":1,"enemies":"Lagavulin","floor":7,"turns":5},{"damage":11,"enemies":"Looter","floor":10,"turns":2},{"damage":4,"enemies":"2 Fungi Beasts","floor":11,"turns":3},{"damage":10,"enemies":"Exordium Wildlife","floor":12,"turns":4},{"damage":8,"enemies":"Hexaghost","floor":16,"turns":8},{"damage":16,"enemies":"3 Byrds","floor":18,"turns":4},{"damage":7,"enemies":"Masked Bandits","floor":19,"turns":2},{"damage":1,"enemies":"Shell Parasite","floor":22,"turns":2},{"damage":21,"enemies":"Gremlin Leader","floor":24,"turns":5},{"damage":7,"enemies":"3 Cultists","floor":27,"turns":4},{"damage":0,"enemies":"Sentry and Sphere","floor":31,"turns":3},{"damage":22,"enemies":"Collector","floor":33,"turns":3},{"damage":4,"enemies":"3 Darklings","floor":35,"turns":5},{"damage":0,"enemies":"Orb Walker","floor":38,"turns":1},{"damage":9,"enemies":"Nemesis","floor":41,"turns":3},{"damage":0,"enemies":"Reptomancer","floor":45,"turns":3},{"damage":0,"enemies":"Giant Head","floor":47,"turns":4},{"damage":0,"enemies":"Transient","floor":48,"turns":5},{"damage":21,"enemies":"Awakened One","floor":50,"turns":10},{"damage":33,"enemies":"Shield and Spear","floor":54,"turns":6},{"damage":45,"enemies":"The Heart","floor":55,"turns":2}],"seed_played":"2992088928246861311","potions_obtained":[{"floor":1,"key":"Swift Potion"},{"floor":2,"key":"Strength Potion"},{"floor":7,"key":"SmokeBomb"},{"floor":11,"key":"SpeedPotion"},{"floor":22,"key":"Explosive Potion"},{"floor":31,"key":"EntropicBrew"},{"floor":38,"key":"SkillPotion"},{"floor":41,"key":"Strength Potion"}],"is_trial":false,"path_per_floor":["M","M","M","?","M","R","E","R","T","M","M","M","R","$","R","B",null,"M","?","T","?","M","R","E","R","T","M","R","$","R","M","R","B",null,"M","$","?","M","?","R","E","R","T","R","E","R","E","M","R","B",null,"R","$","E","B"],"character_chosen":"WATCHER","items_purchased":["MentalFortress","Meditate","Tantrum","Bag of Marbles","MentalFortress","LiquidMemories","Ornamental Fan"],"campfire_rested":0,"item_purchase_floors":[14,14,29,29,36,53,53],"current_hp_per_floor":[60,55,55,55,48,48,47,47,47,36,32,22,22,22,22,14,58,42,35,35,35,34,34,13,13,13,6,18,18,30,30,42,30,62,58,58,58,58,58,68,59,68,68,68,68,68,68,68,68,52,64,68,68,35,0],"gold":66,"neow_bonus":"REMOVE_TWO","is_prod":false,"is_daily":false,"chose_seed":false,"campfire_upgraded":14,"win_rate":0,"timestamp":1696300564,"path_taken":["M","M","M","?","M","R","E","R","T","M","M","M","R","$","R","BOSS","M","?","?","?","M","R","E","R","T","M","R","$","R","M","R","BOSS","M","$","?","M","?","R","E","R","T","R","E","R","E","M","R","BOSS","R","$","E","BOSS"],"build_version":"2022-12-18","purchased_purges":2,"victory":false,"max_hp_per_floor":[72,72,72,72,72,72,72,72,72,72,72,72,72,72,72,72,72,72,72,72,72,72,72,72,72,72,72,72,72,72,72,72,72,72,72,72,72,72,68,68,68,68,68,68,68,68,68,68,68,68,68,68,68,68,68],"card_choices":[{"not_picked":["Consecrate","EmptyBody"],"picked":"Sanctity","floor":1},{"not_picked":["SashWhip","Halt"],"picked":"FlyingSleeves","floor":2},{"not_picked":["Protect","FollowUp"],"picked":"Adaptation","floor":3},{"not_picked":["ClearTheMind","Weave"],"picked":"SashWhip","floor":5},{"not_picked":["ConjureBlade","Halt"],"picked":"SandsOfTime","floor":7},{"not_picked":["Prostrate","FollowUp"],"picked":"EmptyFist","floor":10},{"not_picked":["Fasting2","SashWhip"],"picked":"EmptyMind","floor":11},{"not_picked":["Nirvana","Halt"],"picked":"CutThroughFate","floor":12},{"not_picked":["MasterReality","SpiritShield"],"picked":"Establishment","floor":16},{"not_picked":["FlurryOfBlows","Conclude","Collect+1"],"picked":"SKIP","floor":18},{"not_picked":["WindmillStrike","Swivel"],"picked":"ForeignInfluence+1","floor":19},{"not_picked":["Prostrate","ClearTheMind+1"],"picked":"CrushJoints","floor":22},{"not_picked":["DeusExMachina","FlyingSleeves+1"],"picked":"ForeignInfluence+1","floor":24},{"not_picked":["ReachHeaven","ClearTheMind","Consecrate"],"picked":"SKIP","floor":27},{"not_picked":["Collect","CrushJoints"],"picked":"EmptyBody+1","floor":31},{"not_picked":["MasterReality","Wish"],"picked":"SpiritShield","floor":33},{"not_picked":["Evaluate"],"picked":"SKIP","floor":35},{"not_picked":["EmptyBody"],"picked":"SKIP","floor":38},{"not_picked":[],"picked":"EmptyMind+1","floor":41},{"not_picked":["EmptyBody"],"picked":"SKIP","floor":45},{"not_picked":["MasterReality"],"picked":"SKIP","floor":47},{"not_picked":["BowlingBash"],"picked":"SKIP","floor":48},{"not_picked":["Crescendo"],"picked":"SKIP","floor":54}],"player_experience":799695,"relics_obtained":[{"floor":7,"key":"Akabeko"},{"floor":9,"key":"War Paint"},{"floor":19,"key":"Red Mask"},{"floor":20,"key":"Matryoshka"},{"floor":24,"key":"Toy Ornithopter"},{"floor":26,"key":"Eternal Feather"},{"floor":26,"key":"Pen Nib"},{"floor":41,"key":"GoldenEye"},{"floor":43,"key":"Art of War"},{"floor":45,"key":"Meat on the Bone"},{"floor":47,"key":"Torii"},{"floor":54,"key":"Boot"}],"event_choices":[{"damage_healed":0,"gold_gain":0,"player_choice":"Ignored","damage_taken":0,"max_hp_gain":0,"max_hp_loss":0,"event_name":"Liars Game","floor":4,"gold_loss":0},{"damage_healed":0,"gold_gain":0,"player_choice":"Fought Bandits","damage_taken":0,"max_hp_gain":0,"max_hp_loss":0,"event_name":"Masked Bandits","floor":19,"gold_loss":0},{"damage_healed":0,"gold_gain":0,"player_choice":"Ignored","damage_taken":0,"max_hp_gain":0,"max_hp_loss":0,"event_name":"The Mausoleum","floor":21,"gold_loss":0},{"damage_healed":0,"gold_gain":222,"player_choice":"Wore Mask","damage_taken":0,"max_hp_gain":0,"max_hp_loss":0,"event_name":"Tomb of Lord Red Mask","floor":37,"gold_loss":0},{"damage_healed":0,"gold_gain":0,"player_choice":"Max HP","damage_taken":0,"max_hp_gain":0,"max_hp_loss":4,"event_name":"Winding Halls","floor":39,"gold_loss":0}],"is_beta":false,"boss_relics":[{"not_picked":["Fusion Hammer","Snecko Eye"],"picked":"Coffee Dripper"},{"not_picked":["Sozu","SacredBark"],"picked":"Busted Crown"}],"items_purged_floors":[29,53],"is_endless":false,"potions_floor_spawned":[1,2,7,11,22,31,38,41,47],"killed_by":"The Heart","ascension_level":11}