{"gold_per_floor":[113,126,139,153,167,167,167,211,264,277,302,302,302,323,323,451,451,479,488,76,108,108,108,108,146,146,188,188],"floor_reached":28,"playtime":1181,"items_purged":["Defend_P"],"score":519,"play_id":"a82bbee2-8e8f-467e-96fa-4e814430b194","local_time":"20231002185532","is_ascension_mode":true,"campfire_choices":[{"data":"Eruption","floor":6,"key":"SMITH"},{"data":"FollowUp","floor":13,"key":"SMITH"},{"data":"FlurryOfBlows","floor":15,"key":"SMITH"},{"floor":23,"key":"REST"}],"neow_cost":"NONE","seed_source_timestamp":1352484710109300,"circlet_count":0,"master_deck":["AscendersBane","Strike_P+1","Strike_P+1","Strike_P","Strike_P+1","Defend_P+1","Defend_P","Eruption+1","Vigilance","EmptyBody+1","FollowUp+1","FearNoEvil","Collect","MentalFortress","CrushJoints+1","FlurryOfBlows+1","LessonLearned","InnerPeace+1","Vengeance","EmptyFist+1","SandsOfTime","ThirdEye"],"relics":["PureWater","Golden Idol","CeramicFish","Fusion Hammer","PreservedInsect","Whetstone","Kunai","Regal Pillow","Anchor"],"potions_floor_usage":[16,25,27],"damage_taken":[{"damage":7,"enemies":"Cultist","floor":1,"turns":3},{"damage":0,"enemies":"Jaw Worm","floor":2,"turns":3},{"damage":0,"enemies":"2 Louse","floor":3,"turns":2},{"damage":16,"enemies":"Gremlin Gang","floor":4,"turns":7},{"damage":3,"enemies":"Blue Slaver","floor":5,"turns":3},{"damage":6,"enemies":"Lagavulin","floor":8,"turns":8},{"damage":0,"enemies":"2 Fungi Beasts","floor":10,"turns":2},{"damage":3,"enemies":"3 Louse","floor":11,"turns":4},{"damage":9,"enemies":"Exordium Thugs","floor":14,"turns":4},{"damage":0,"enemies":"Slime Boss","floor":16,"turns":5},{"damage":5,"enemies":"Shell Parasite","floor":18,"turns":6},{"damage":37,"enemies":"Chosen","floor":21,"turns":7},{"damage":22,"enemies":"Slavers","floor":25,"turns":3},{"damage":0,"enemies":"Gremlin Leader","floor":27,"turns":5},{"damage":16,"enemies":"Snake Plant","floor":28,"turns":3}],"seed_played":"7677743644913829665","potions_obtained":[{"floor":4,"key":"DuplicationPotion"},{"floor":5,"key":"Regen Potion"},{"floor":18,"key":"SteroidPotion"}],"is_trial":false,"path_per_floor":["M","M","M","M","M","R","?","E","T","M","M","?","R","M","R","B",null,"M","?","$","M","?","R","?","E","T","E","M"],"character_chosen":"WATCHER","items_purchased":["PreservedInsect","EmptyFist","Whetstone"],"campfire_rested":1,"item_purchase_floors":[20,20,20],"current_hp_per_floor":[58,58,58,42,39,39,39,33,33,33,30,30,30,21,21,35,59,54,54,54,17,17,37,37,15,15,15,0],"gold":188,"neow_bonus":"REMOVE_CARD","is_prod":false,"is_daily":false,"chose_seed":false,"campfire_upgraded":3,"win_rate":0,"timestamp":1696298132,"path_taken":["M","M","M","M","M","R","?","E","T","M","M","?","R","M","R","BOSS","M","?","$","M","?","R","?","E","T","E","M"],"build_version":"2022-12-18","purchased_purges":1,"victory":false,"max_hp_per_floor":[72,72,72,72,72,72,67,67,67,67,67,67,67,67,67,67,67,67,67,67,67,67,67,67,67,67,67,67],"card_choices":[{"not_picked":["SashWhip","ClearTheMind"],"picked":"EmptyBody","floor":1},{"not_picked":["Consecrate","Sanctity"],"picked":"FollowUp","floor":2},{"not_picked":["EmptyFist","Indignation"],"picked":"FearNoEvil","floor":3},{"not_picked":["Consecrate","InnerPeace"],"picked":"Collect","floor":4},{"not_picked":["DeceiveReality","Protect"],"picked":"MentalFortress","floor":5},{"not_picked":["Study","TalkToTheHand"],"picked":"CrushJoints","floor":8},{"not_picked":["Swivel","Consecrate","Halt"],"picked":"SKIP","floor":10},{"not_picked":["Nirvana","Prostrate"],"picked":"FlurryOfBlows","floor":11},{"not_picked":["ForeignInfluence","SashWhip","FlurryOfBlows"],"picked":"SKIP","floor":14},{"not_picked":["Blasphemy","ConjureBlade"],"picked":"LessonLearned","floor":16},{"not_picked":["CrushJoints","Weave+1"],"picked":"InnerPeace+1","floor":18},{"not_picked":["ClearTheMind","Halt"],"picked":"SandsOfTime","floor":21},{"not_picked":["Evaluate","Blasphemy","Consecrate+1"],"picked":"SKIP","floor":25},{"not_picked":["InnerPeace+1","MentalFortress"],"picked":"ThirdEye","floor":27}],"player_experience":798514,"relics_obtained":[{"floor":8,"key":"CeramicFish"},{"floor":25,"key":"Kunai"},{"floor":26,"key":"Regal Pillow"},{"floor":27,"key":"Anchor"}],"event_choices":[{"damage_healed":0,"gold_gain":0,"player_choice":"Lose Max HP","damage_taken":0,"relics_obtained":["Golden Idol"],"max_hp_gain":0,"max_hp_loss":5,"event_name":"Golden Idol","floor":7,"gold_loss":0},{"damage_healed":0,"gold_gain":0,"player_choice":"Upgraded","damage_taken":0,"max_hp_gain":0,"max_hp_loss":0,"event_name":"Upgrade Shrine","floor":12,"gold_loss":0,"cards_upgraded":["CrushJoints"]},{"damage_healed":0,"gold_gain":0,"player_choice":"Read","damage_taken":0,"max_hp_gain":0,"max_hp_loss":0,"event_name":"The Library","floor":19,"gold_loss":0,"cards_obtained":["Vengeance"]},{"damage_healed":0,"gold_gain":0,"player_choice":"Ignored","damage_taken":0,"max_hp_gain":0,"max_hp_loss":0,"event_name":"Cursed Tome","floor":22,"gold_loss":0},{"damage_healed":0,"gold_gain":0,"player_choice":"Leave","damage_taken":0,"max_hp_gain":0,"max_hp_loss":0,"event_name":"FaceTrader","floor":24,"gold_loss":0}],"is_beta":false,"boss_relics":[{"not_picked":["Busted Crown","SacredBark"],"picked":"Fusion Hammer"}],"items_purged_floors":[20],"is_endless":false,"potions_floor_spawned":[4,5,8,14,18],"killed_by":"Snake Plant","ascension_level":11}