{"gold_per_floor":[110,125,125,143,157,157,187,207,207,204],"floor_reached":10,"playtime":336,"items_purged":[],"score":109,"play_id":"94a58505-69e1-40c4-846a-74580e73277c","local_time":"20230929200120","is_ascension_mode":true,"campfire_choices":[{"data":"Eruption","floor":6,"key":"SMITH"}],"neow_cost":"TEN_PERCENT_HP_LOSS","seed_source_timestamp":0,"circlet_count":0,"master_deck":["AscendersBane","Strike_P","Strike_P","Strike_P","Strike_P","Defend_P","Defend_P","Eruption+1","Vigilance","WheelKick","Establishment+1","Adaptation+1","FlurryOfBlows","Meditate","CutThroughFate","EmptyBody"],"special_seed":0,"relics":["PureWater","Incense Burner","MawBank"],"potions_floor_usage":[],"damage_taken":[{"damage":21.0,"enemies":"Jaw Worm","floor":1.0,"turns":3.0},{"damage":6,"enemies":"Small Slimes","floor":2,"turns":4},{"damage":0,"enemies":"Cultist","floor":4,"turns":2},{"damage":8,"enemies":"Blue Slaver","floor":5,"turns":3},{"damage":16,"enemies":"Gremlin Nob","floor":7,"turns":4},{"damage":0,"enemies":"2 Fungi Beasts","floor":8,"turns":2},{"damage":11,"enemies":"Looter","floor":10,"turns":1}],"seed_played":"8313138629048860799","potions_obtained":[{"floor":1.0,"key":"Strength Potion"},{"floor":7,"key":"Dexterity Potion"}],"is_trial":false,"path_per_floor":["M","M","?","M","M","R","E","M","T","M"],"character_chosen":"WATCHER","items_purchased":[],"campfire_rested":0,"item_purchase_floors":[],"current_hp_per_floor":[44,38,25,25,17,17,1,1,1,0],"gold":204,"neow_bonus":"TRANSFORM_TWO_CARDS","is_prod":false,"is_daily":false,"chose_seed":false,"campfire_upgraded":1,"win_rate":0,"timestamp":1696042880,"path_taken":["M","M","?","M","M","R","E","M","T","M"],"build_version":"2022-12-18","purchased_purges":0,"victory":false,"max_hp_per_floor":[65,65,65,65,65,65,65,65,65,65],"card_choices":[{"not_picked":["PathToVictory","FlyingSleeves"],"picked":"Adaptation","floor":1.0},{"not_picked":["SashWhip","Prostrate"],"picked":"FlurryOfBlows","floor":2},{"not_picked":["Evaluate","ThirdEye"],"picked":"Meditate","floor":4},{"not_picked":["SandsOfTime","Evaluate"],"picked":"CutThroughFate","floor":5},{"not_picked":["CrushJoints","SashWhip"],"picked":"EmptyBody","floor":7},{"not_picked":["Alpha","Meditate","Protect"],"picked":"SKIP","floor":8}],"player_experience":795020,"relics_obtained":[{"floor":7,"key":"Incense Burner"},{"floor":9,"key":"MawBank"}],"event_choices":[{"damage_healed":0,"gold_gain":0,"player_choice":"Entered Light","damage_taken":13,"max_hp_gain":0,"max_hp_loss":0,"event_name":"Shining Light","floor":3,"gold_loss":0,"cards_upgraded":["Establishment","Adaptation"]}],"is_beta":false,"boss_relics":[],"items_purged_floors":[],"is_endless":false,"potions_floor_spawned":[1,7,8],"killed_by":"Looter","ascension_level":11}