{"gold_per_floor":[216,234,234,41,92,118,118,118,118,118,68,127,127,202,202,281,281,318,387,404,404,449,507,507,560,642,659,659,659,698,32,32,106,106,124,166,179,216,216,216,271,17,98,98,98,98,132,151,151,151,151,151,5,35,35],"floor_reached":56,"playtime":3387,"items_purged":["Strike_P","BowlingBash"],"score":1856,"play_id":"52fa42f3-dec3-42f3-b3b5-257af4cffd49","local_time":"20231021222807","is_ascension_mode":true,"campfire_choices":[{"data":"Eruption","floor":8,"key":"SMITH"},{"data":"HandOfGreed","floor":10,"key":"SMITH"},{"data":"EmptyFist","floor":13,"key":"SMITH"},{"data":"Strike_P","floor":15,"key":"PURGE"},{"floor":24,"key":"REST"},{"data":"TalkToTheHand","floor":28,"key":"SMITH"},{"data":"Defend_P","floor":32,"key":"PURGE"},{"data":"Writhe","floor":40,"key":"PURGE"},{"data":"Strike_P+1","floor":46,"key":"PURGE"},{"floor":49,"key":"RECALL"},{"data":"CrushJoints","floor":52,"key":"PURGE"}],"neow_cost":"NONE","seed_source_timestamp":825897067848500,"circlet_count":0,"master_deck":["AscendersBane","Defend_P+1","Eruption+1","Vigilance","TalkToTheHand+1","HandOfGreed+1","EmptyFist+1","EmptyMind","Tantrum+1","CutThroughFate+1","Evaluate+1","LessonLearned+1","EmptyBody+1","Fasting2+1","Sanctity","Prostrate","TalkToTheHand+1","Trip","Dark Shackles","Panacea","Adaptation+1","Halt","ClearTheMind+1","FearNoEvil+1","CutThroughFate","Scrawl"],"relics":["PureWater","Singing Bowl","Bird Faced Urn","Peace Pipe","InkBottle","Philosopher\u0027s Stone","CaptainsWheel","Blue Candle","Lee\u0027s Waffle","Happy Flower","Vajra","Fusion Hammer","Smiling Mask","DollysMirror","Question Card","Eternal Feather","Whetstone","Orrery","StrikeDummy"],"potions_floor_usage":[16,19,23,23,23,25,33,35,50,55,55],"damage_taken":[{"damage":1,"enemies":"Cultist","floor":1,"turns":4},{"damage":4,"enemies":"2 Louse","floor":2,"turns":3},{"damage":0,"enemies":"Small Slimes","floor":5,"turns":4},{"damage":8,"enemies":"Gremlin Nob","floor":6,"turns":3},{"damage":13,"enemies":"Lagavulin","floor":12,"turns":6},{"damage":14,"enemies":"Hexaghost","floor":16,"turns":9},{"damage":0,"enemies":"Chosen","floor":18,"turns":3},{"damage":11,"enemies":"2 Thieves","floor":19,"turns":3},{"damage":0,"enemies":"Cultist and Chosen","floor":20,"turns":4},{"damage":19,"enemies":"Shelled Parasite and Fungi","floor":22,"turns":6},{"damage":14,"enemies":"Book of Stabbing","floor":23,"turns":4},{"damage":11,"enemies":"Slavers","floor":25,"turns":4},{"damage":0,"enemies":"Chosen and Byrds","floor":27,"turns":4},{"damage":0,"enemies":"3 Cultists","floor":30,"turns":4},{"damage":71,"enemies":"Champ","floor":33,"turns":11},{"damage":2,"enemies":"Orb Walker","floor":35,"turns":2},{"damage":0,"enemies":"3 Shapes","floor":36,"turns":2},{"damage":0,"enemies":"Transient","floor":37,"turns":5},{"damage":26,"enemies":"Writhing Mass","floor":38,"turns":5},{"damage":3,"enemies":"Giant Head","floor":41,"turns":8},{"damage":19,"enemies":"Reptomancer","floor":47,"turns":5},{"damage":2,"enemies":"Maw","floor":48,"turns":5},{"damage":32,"enemies":"Time Eater","floor":50,"turns":13},{"damage":31,"enemies":"Shield and Spear","floor":54,"turns":9},{"damage":42,"enemies":"The Heart","floor":55,"turns":9}],"seed_played":"5289172731260277108","potions_obtained":[{"floor":6,"key":"Weak Potion"},{"floor":16,"key":"StancePotion"},{"floor":18,"key":"Fire Potion"},{"floor":22,"key":"EntropicBrew"},{"floor":23,"key":"DistilledChaos"},{"floor":30,"key":"GamblersBrew"},{"floor":33,"key":"Energy Potion"},{"floor":36,"key":"SpeedPotion"},{"floor":41,"key":"PowerPotion"},{"floor":54,"key":"SpeedPotion"}],"is_trial":false,"path_per_floor":["M","M","T","$","M","E","?","R","T","R","?","E","R","?","R","B",null,"M","M","M","?","M","E","R","E","T","M","R","?","M","$","R","B",null,"M","M","M","M","?","R","E","$","T","T","?","R","E","M","R","B",null,"R","$","E","B",null],"character_chosen":"WATCHER","items_purchased":["HandOfGreed","Lee\u0027s Waffle","LessonLearned","Happy Flower","Vajra","Prostrate","DollysMirror","Orrery"],"campfire_rested":1,"item_purchase_floors":[4,31,31,31,31,42,42,53],"current_hp_per_floor":[64,60,60,60,60,54,47,47,47,47,47,34,34,23,23,11,60,60,49,51,51,32,18,41,32,32,34,34,34,36,91,91,22,75,75,75,75,51,75,75,76,76,76,76,66,78,61,65,77,51,87,99,101,72,34],"gold":35,"neow_bonus":"HUNDRED_GOLD","is_prod":false,"is_daily":false,"chose_seed":false,"campfire_upgraded":4,"win_rate":0,"timestamp":1697952487,"path_taken":["M","M","?","$","M","E","?","R","T","R","?","E","R","?","R","BOSS","M","M","M","?","?","E","R","E","T","M","R","?","M","$","R","BOSS","M","M","M","M","?","R","E","$","T","?","?","R","E","M","R","BOSS","R","$","E","BOSS"],"build_version":"2022-12-18","purchased_purges":2,"victory":true,"max_hp_per_floor":[72,72,72,72,72,74,74,74,74,74,74,74,74,74,74,76,76,76,76,78,78,78,78,78,80,80,82,82,82,84,91,91,93,93,95,95,95,95,95,95,97,97,97,97,97,97,97,99,99,99,99,99,101,101,101],"card_choices":[{"not_picked":["BowlingBash","Prostrate"],"picked":"TalkToTheHand","floor":1},{"not_picked":["FollowUp","EmptyBody"],"picked":"BowlingBash","floor":2},{"not_picked":["ThirdEye","SashWhip"],"picked":"EmptyFist","floor":5},{"not_picked":["DeusExMachina","ForeignInfluence","ReachHeaven"],"picked":"Singing Bowl","floor":6},{"not_picked":["Protect","DeceiveReality"],"picked":"EmptyMind","floor":12},{"not_picked":["Alpha","DeusExMachina","Ragnarok"],"picked":"Singing Bowl","floor":16},{"not_picked":["Indignation","Halt"],"picked":"Tantrum","floor":18},{"not_picked":["Sanctity","FollowUp"],"picked":"CutThroughFate","floor":19},{"not_picked":["Vengeance","BowlingBash","WheelKick"],"picked":"Singing Bowl","floor":20},{"not_picked":["JustLucky+1","SignatureMove"],"picked":"Evaluate+1","floor":22},{"not_picked":["EmptyFist","BowlingBash"],"picked":"CrushJoints","floor":23},{"not_picked":["Conclude","SashWhip","SignatureMove"],"picked":"Singing Bowl","floor":25},{"not_picked":["Evaluate","Wireheading","Indignation+1"],"picked":"Singing Bowl","floor":27},{"not_picked":["Ragnarok","Protect","Conclude+1"],"picked":"Singing Bowl","floor":30},{"not_picked":["Establishment","ConjureBlade","Brilliance"],"picked":"Singing Bowl","floor":33},{"not_picked":["LikeWater+1","Protect+1","EmptyBody"],"picked":"Singing Bowl","floor":35},{"not_picked":["FollowUp+1","Collect+1"],"picked":"EmptyBody+1","floor":36},{"not_picked":["PathToVictory","Vengeance+1"],"picked":"Fasting2+1","floor":37},{"not_picked":["Wireheading","ClearTheMind"],"picked":"Sanctity","floor":38},{"not_picked":["ReachHeaven+1","JustLucky+1","EmptyFist"],"picked":"Singing Bowl","floor":41},{"not_picked":["Madness","Secret Technique","Mayhem"],"picked":"Trip","floor":45},{"not_picked":["Mind Blast","Forethought","PanicButton"],"picked":"Dark Shackles","floor":45},{"not_picked":["Deep Breath","Apotheosis","Secret Technique"],"picked":"Panacea","floor":45},{"not_picked":["Conclude","BowlingBash","FlyingSleeves"],"picked":"Adaptation+1","floor":47},{"not_picked":["Crescendo","SignatureMove+1","Fasting2","Perseverance"],"picked":"Singing Bowl","floor":48},{"not_picked":["Indignation","ForeignInfluence","FollowUp"],"picked":"Halt","floor":53},{"not_picked":["WindmillStrike+1","ThirdEye","Alpha"],"picked":"ClearTheMind+1","floor":53},{"not_picked":["PathToVictory+1","Tantrum+1","TalkToTheHand"],"picked":"FearNoEvil","floor":53},{"not_picked":["Evaluate","Establishment","Crescendo","EmptyFist"],"picked":"Singing Bowl","floor":53},{"not_picked":["EmptyFist","Consecrate","FlurryOfBlows+1"],"picked":"CutThroughFate","floor":53},{"not_picked":["Protect","BattleHymn","InnerPeace"],"picked":"Scrawl","floor":54}],"player_experience":864073,"relics_obtained":[{"floor":3,"key":"Singing Bowl"},{"floor":6,"key":"Bird Faced Urn"},{"floor":9,"key":"Peace Pipe"},{"floor":12,"key":"InkBottle"},{"floor":23,"key":"CaptainsWheel"},{"floor":25,"key":"Blue Candle"},{"floor":41,"key":"Smiling Mask"},{"floor":43,"key":"Question Card"},{"floor":44,"key":"Eternal Feather"},{"floor":47,"key":"Whetstone"},{"floor":54,"key":"StrikeDummy"}],"event_choices":[{"cards_removed":["Defend_P"],"damage_healed":0,"gold_gain":0,"player_choice":"Card Removal","damage_taken":7,"max_hp_gain":0,"max_hp_loss":0,"event_name":"Golden Wing","floor":7,"gold_loss":0},{"cards_removed":["Strike_P"],"damage_healed":0,"gold_gain":0,"player_choice":"Card Removal","damage_taken":0,"max_hp_gain":0,"max_hp_loss":0,"event_name":"The Cleric","floor":11,"gold_loss":50},{"damage_healed":0,"gold_gain":75,"player_choice":"Gather Gold","damage_taken":11,"max_hp_gain":0,"max_hp_loss":0,"event_name":"World of Goop","floor":14,"gold_loss":0},{"damage_healed":0,"gold_gain":0,"player_choice":"Ignored","damage_taken":0,"max_hp_gain":0,"max_hp_loss":0,"event_name":"N\u0027loth","floor":21,"gold_loss":0},{"cards_removed":["Defend_P"],"damage_healed":0,"gold_gain":0,"player_choice":"Offered Basic","damage_taken":0,"max_hp_gain":0,"max_hp_loss":0,"event_name":"Bonfire Elementals","floor":29,"gold_loss":0},{"damage_healed":24,"gold_gain":0,"player_choice":"Writhe","damage_taken":0,"max_hp_gain":0,"max_hp_loss":0,"event_name":"Winding Halls","floor":39,"gold_loss":0,"cards_obtained":["Writhe"]},{"damage_healed":0,"gold_gain":0,"player_choice":"Memory 3","damage_taken":10,"max_hp_gain":0,"max_hp_loss":0,"event_name":"SensoryStone","floor":45,"gold_loss":0}],"is_beta":false,"boss_relics":[{"not_picked":["Calling Bell","Tiny House"],"picked":"Philosopher\u0027s Stone"},{"not_picked":["Pandora\u0027s Box","SlaversCollar"],"picked":"Fusion Hammer"}],"items_purged_floors":[31,42],"is_endless":false,"potions_floor_spawned":[6,16,18,22,23,30,33,36,41,54],"ascension_level":13}