{"gold_per_floor":[114,114,124,49,64,64,14,44,44,44,57,132,172,196,196,196],"floor_reached":16,"playtime":426,"items_purged":["Defend_P"],"score":182,"play_id":"e4741313-2353-4bf5-b6b8-d2ed745bc64e","local_time":"20231017205822","is_ascension_mode":true,"campfire_choices":[{"data":"Eruption","floor":6,"key":"SMITH"},{"data":"EmptyFist","floor":15,"key":"SMITH"}],"neow_cost":"NONE","seed_source_timestamp":477887333345100,"circlet_count":0,"master_deck":["AscendersBane","Strike_P","Strike_P","Strike_P","Strike_P","Defend_P","Defend_P","Eruption+1","Vigilance","EmptyFist+1","Consecrate","FearNoEvil","Prostrate","Worship"],"relics":["PureWater","NeowsBlessing","Damaru","Yang","Golden Idol","Bird Faced Urn"],"potions_floor_usage":[13,14],"damage_taken":[{"damage":0,"enemies":"Cultist","floor":1,"turns":1},{"damage":0,"enemies":"Jaw Worm","floor":3,"turns":1},{"damage":0,"enemies":"2 Louse","floor":5,"turns":1},{"damage":14,"enemies":"3 Sentries","floor":8,"turns":7},{"damage":3,"enemies":"Gremlin Gang","floor":11,"turns":3},{"damage":34,"enemies":"Gremlin Nob","floor":13,"turns":5},{"damage":0,"enemies":"Exordium Wildlife","floor":14,"turns":3},{"damage":12,"enemies":"Slime Boss","floor":16,"turns":4}],"seed_played":"-2608101364578794838","potions_obtained":[{"floor":3,"key":"Energy Potion"},{"floor":13,"key":"Fire Potion"}],"is_trial":false,"path_per_floor":["M","?","M","$","M","R","?","E","T","?","M","?","E","M","R","B"],"character_chosen":"WATCHER","items_purchased":[],"campfire_rested":0,"item_purchase_floors":[],"current_hp_per_floor":[65,65,65,65,65,65,65,51,51,51,48,37,3,3,3,0],"gold":196,"neow_bonus":"THREE_ENEMY_KILL","is_prod":false,"is_daily":false,"chose_seed":false,"campfire_upgraded":2,"win_rate":0,"timestamp":1697601502,"path_taken":["M","?","M","$","?","R","?","E","T","?","M","?","E","M","R","BOSS"],"build_version":"2022-12-18","purchased_purges":1,"victory":false,"max_hp_per_floor":[72,72,72,72,72,72,72,72,72,67,67,67,67,67,67,67],"card_choices":[{"not_picked":["Evaluate","FollowUp"],"picked":"EmptyFist","floor":1},{"not_picked":["Evaluate","WreathOfFlame"],"picked":"Consecrate","floor":3},{"not_picked":["WheelKick","CutThroughFate"],"picked":"FearNoEvil","floor":5},{"not_picked":["JustLucky","FlyingSleeves","ThirdEye"],"picked":"SKIP","floor":8},{"not_picked":["Halt","Nirvana"],"picked":"Prostrate","floor":11},{"not_picked":["Wish","SashWhip"],"picked":"Worship","floor":13},{"not_picked":["Consecrate","Evaluate","Perseverance"],"picked":"SKIP","floor":14}],"player_experience":863647,"relics_obtained":[{"floor":8,"key":"Damaru"},{"floor":9,"key":"Yang"},{"floor":13,"key":"Bird Faced Urn"}],"event_choices":[{"damage_healed":0,"gold_gain":0,"player_choice":"Bought 0 Potions","damage_taken":0,"max_hp_gain":0,"max_hp_loss":0,"event_name":"The Woman in Blue","floor":2,"gold_loss":0},{"cards_removed":["Defend_P"],"damage_healed":0,"gold_gain":0,"player_choice":"Card Removal","damage_taken":0,"max_hp_gain":0,"max_hp_loss":0,"event_name":"The Cleric","floor":7,"gold_loss":50},{"damage_healed":0,"gold_gain":0,"player_choice":"Lose Max HP","damage_taken":0,"relics_obtained":["Golden Idol"],"max_hp_gain":0,"max_hp_loss":5,"event_name":"Golden Idol","floor":10,"gold_loss":0},{"damage_healed":0,"gold_gain":75,"player_choice":"Gather Gold","damage_taken":11,"max_hp_gain":0,"max_hp_loss":0,"event_name":"World of Goop","floor":12,"gold_loss":0}],"is_beta":false,"boss_relics":[],"items_purged_floors":[4],"is_endless":false,"potions_floor_spawned":[3,13],"killed_by":"Slime Boss","ascension_level":13}