{"gold_per_floor":[119,131,147,165,180,180,191,191,259,291,291,291],"floor_reached":12,"playtime":525,"items_purged":[],"score":135,"play_id":"73a97978-a957-4399-9f24-de97126968c0","local_time":"20231016184648","is_ascension_mode":true,"campfire_choices":[{"data":"Eruption","floor":6,"key":"SMITH"},{"data":"Wallop","floor":8,"key":"SMITH"},{"data":"Halt","floor":11,"key":"SMITH"}],"neow_cost":"NONE","seed_source_timestamp":383493036114800,"circlet_count":0,"master_deck":["AscendersBane","Strike_P","Strike_P","Strike_P","Strike_P","Defend_P","Defend_P","Defend_P","Defend_P","Eruption+1","Vigilance","Wallop+1","TalkToTheHand","CutThroughFate","TalkToTheHand","CutThroughFate","Halt+1"],"relics":["PureWater","StrikeDummy","Boot"],"potions_floor_usage":[10],"damage_taken":[{"damage":0,"enemies":"Cultist","floor":1,"turns":4},{"damage":8,"enemies":"Small Slimes","floor":2,"turns":5},{"damage":4,"enemies":"2 Louse","floor":3,"turns":3},{"damage":14,"enemies":"Lots of Slimes","floor":4,"turns":5},{"damage":7,"enemies":"3 Louse","floor":5,"turns":5},{"damage":3,"enemies":"Gremlin Gang","floor":7,"turns":4},{"damage":10,"enemies":"Lagavulin","floor":10,"turns":4},{"damage":30,"enemies":"Exordium Thugs","floor":12,"turns":4}],"seed_played":"-3090353518652227683","potions_obtained":[{"floor":3,"key":"EssenceOfSteel"},{"floor":5,"key":"Ambrosia"}],"is_trial":false,"path_per_floor":["M","M","M","M","M","R","M","R","T","E","R","M"],"character_chosen":"WATCHER","items_purchased":[],"campfire_rested":0,"item_purchase_floors":[],"current_hp_per_floor":[72,64,60,46,39,39,36,36,36,26,26,0],"gold":291,"neow_bonus":"TEN_PERCENT_HP_BONUS","is_prod":false,"is_daily":false,"chose_seed":false,"campfire_upgraded":3,"win_rate":0,"timestamp":1697507208,"path_taken":["M","M","M","M","M","R","M","R","T","E","R","?"],"build_version":"2022-12-18","purchased_purges":0,"victory":false,"max_hp_per_floor":[79,79,79,79,79,79,79,79,79,79,79,79],"card_choices":[{"not_picked":["BowlingBash","Crescendo"],"picked":"Wallop","floor":1},{"not_picked":["FlyingSleeves","Consecrate"],"picked":"TalkToTheHand","floor":2},{"not_picked":["FollowUp","FlyingSleeves"],"picked":"CutThroughFate","floor":3},{"not_picked":["FlyingSleeves","PathToVictory"],"picked":"TalkToTheHand","floor":4},{"not_picked":["Brilliance","PathToVictory","Weave"],"picked":"SKIP","floor":5},{"not_picked":["Protect","FlyingSleeves"],"picked":"CutThroughFate","floor":7},{"not_picked":["Wallop","PathToVictory"],"picked":"Halt","floor":10}],"player_experience":863122,"relics_obtained":[{"floor":9,"key":"StrikeDummy"},{"floor":10,"key":"Boot"}],"event_choices":[],"is_beta":false,"boss_relics":[],"items_purged_floors":[],"is_endless":false,"potions_floor_spawned":[3,5,7],"killed_by":"Exordium Thugs","ascension_level":13}