{"gold_per_floor":[20,34,34,48,13,13,24,49,49,80,100,100,100,100],"floor_reached":14,"playtime":483,"items_purged":[],"score":165,"play_id":"58ed762b-eb60-4ca4-b996-e6a08dc65a91","local_time":"20231015222045","is_ascension_mode":true,"campfire_choices":[{"data":"Eruption","floor":6,"key":"SMITH"},{"data":"EmptyFist","floor":12,"key":"SMITH"}],"neow_cost":"NO_GOLD","seed_source_timestamp":309968364297300,"circlet_count":0,"master_deck":["AscendersBane","Strike_P","Strike_P","Defend_P","Defend_P","Eruption+1","Vigilance","SandsOfTime","BowlingBash","FollowUp","EmptyFist+1","Wireheading+1"],"relics":["PureWater","Strawberry","Frozen Egg 2"],"potions_floor_usage":[2,8,10],"damage_taken":[{"damage":0,"enemies":"Cultist","floor":1,"turns":2},{"damage":13,"enemies":"2 Louse","floor":2,"turns":3},{"damage":4,"enemies":"Jaw Worm","floor":4,"turns":3},{"damage":5,"enemies":"Large Slime","floor":7,"turns":4},{"damage":8,"enemies":"Gremlin Nob","floor":8,"turns":3},{"damage":12,"enemies":"Lagavulin","floor":10,"turns":6},{"damage":12,"enemies":"Lots of Slimes","floor":11,"turns":2},{"damage":35,"enemies":"3 Sentries","floor":14,"turns":3}],"seed_played":"-7692807331533447070","potions_obtained":[{"floor":1,"key":"ColorlessPotion"},{"floor":2,"key":"Block Potion"},{"floor":8,"key":"Weak Potion"}],"is_trial":false,"path_per_floor":["M","M","?","M","?","R","M","E","T","E","M","R","?","E"],"character_chosen":"WATCHER","items_purchased":[],"campfire_rested":0,"item_purchase_floors":[],"current_hp_per_floor":[65,52,52,48,66,66,61,60,60,48,36,36,29,0],"gold":100,"neow_bonus":"REMOVE_TWO","is_prod":false,"is_daily":false,"chose_seed":false,"campfire_upgraded":2,"win_rate":0,"timestamp":1697433645,"path_taken":["M","M","?","M","?","R","M","E","T","E","M","R","?","E"],"build_version":"2022-12-18","purchased_purges":0,"victory":false,"max_hp_per_floor":[72,72,72,72,72,72,72,79,79,79,79,79,79,79],"card_choices":[{"not_picked":["WaveOfTheHand","CutThroughFate"],"picked":"SandsOfTime","floor":1},{"not_picked":["Crescendo","SashWhip"],"picked":"BowlingBash","floor":2},{"not_picked":["EmptyBody","Consecrate"],"picked":"FollowUp","floor":4},{"not_picked":["WheelKick","Consecrate"],"picked":"EmptyFist","floor":7},{"not_picked":["FlurryOfBlows","Weave","ForeignInfluence"],"picked":"SKIP","floor":8},{"not_picked":["Protect","BattleHymn+1"],"picked":"Wireheading+1","floor":10},{"not_picked":["Prostrate","SashWhip","JustLucky"],"picked":"SKIP","floor":11}],"player_experience":860712,"relics_obtained":[{"floor":8,"key":"Strawberry"},{"floor":10,"key":"Frozen Egg 2"}],"event_choices":[{"cards_removed":["Strike_P"],"damage_healed":0,"gold_gain":0,"player_choice":"Forget","damage_taken":0,"max_hp_gain":0,"max_hp_loss":0,"event_name":"Living Wall","floor":3,"gold_loss":0},{"damage_healed":18,"gold_gain":0,"player_choice":"Healed","damage_taken":0,"max_hp_gain":0,"max_hp_loss":0,"event_name":"The Cleric","floor":5,"gold_loss":35},{"cards_removed":["Strike_P"],"damage_healed":0,"gold_gain":0,"player_choice":"Card Removal","damage_taken":7,"max_hp_gain":0,"max_hp_loss":0,"event_name":"Golden Wing","floor":13,"gold_loss":0}],"is_beta":false,"boss_relics":[],"items_purged_floors":[],"is_endless":false,"potions_floor_spawned":[1,2,8],"killed_by":"3 Sentries","ascension_level":13}