{"gold_per_floor":[119,134,150,5,22,52,52,80,80,107,124,144,69,87,87,161,161,180,180,230,145,45,45,62,75,99,115,135,165,165,185,185,263,263,274,292,306,319,319,319,348,348,372,390,425,450,475,485,485,485,485,485,52,87,87],"floor_reached":56,"playtime":3219,"items_purged":["Defend_P","Strike_P","Strike_P+1"],"score":2302,"play_id":"6b2617db-83e1-4a8b-a24a-800e02dcd0a1","local_time":"20231119222202","is_ascension_mode":true,"campfire_choices":[{"data":"Wallop","floor":7,"key":"SMITH"},{"data":"FlurryOfBlows","floor":15,"key":"SMITH"},{"data":"Defend_P","floor":23,"key":"PURGE"},{"data":"Defend_P","floor":30,"key":"PURGE"},{"data":"Scrawl","floor":32,"key":"SMITH"},{"data":"Strike_P+1","floor":40,"key":"PURGE"},{"floor":42,"key":"RECALL"},{"data":"1","floor":49,"key":"LIFT"},{"data":"2","floor":52,"key":"LIFT"}],"neow_cost":"NONE","seed_source_timestamp":391585102938200,"circlet_count":0,"master_deck":["AscendersBane","Strike_P+1","Defend_P+1","Eruption+1","Vigilance+1","FearNoEvil+1","FlurryOfBlows+1","ReachHeaven+1","Wallop+1","FearNoEvil+1","Meditate+1","LessonLearned+1","Tantrum+1","Tantrum+1","Scrawl+1","EmptyMind+1","InnerPeace+1","Necronomicurse","CrushJoints+1","WaveOfTheHand+1","FlurryOfBlows+1","Halt+1","Scrawl+1","MentalFortress+1","CutThroughFate+1","Vault+1","Scrawl+1","MentalFortress"],"relics":["PureWater","Boot","Lee\u0027s Waffle","Whetstone","Pear","Prayer Wheel","Bird Faced Urn","VioletLotus","Necronomicon","Peace Pipe","Omamori","Calling Bell","Dream Catcher","Molten Egg 2","CaptainsWheel","Eternal Feather","Lantern","Blue Candle","Girya","Nunchaku","Oddly Smooth Stone","DollysMirror","Damaru"],"potions_floor_usage":[6,10,16,29,33,55,55],"damage_taken":[{"damage":25,"enemies":"Small Slimes","floor":1,"turns":5},{"damage":0,"enemies":"2 Louse","floor":2,"turns":1},{"damage":1,"enemies":"Jaw Worm","floor":3,"turns":4},{"damage":0,"enemies":"Exordium Wildlife","floor":5,"turns":3},{"damage":6,"enemies":"Lagavulin","floor":6,"turns":6},{"damage":17,"enemies":"3 Sentries","floor":8,"turns":7},{"damage":15,"enemies":"Lagavulin","floor":10,"turns":4},{"damage":3,"enemies":"Blue Slaver","floor":11,"turns":3},{"damage":7,"enemies":"2 Fungi Beasts","floor":12,"turns":4},{"damage":0,"enemies":"Large Slime","floor":14,"turns":2},{"damage":4,"enemies":"Hexaghost","floor":16,"turns":6},{"damage":0,"enemies":"Spheric Guardian","floor":18,"turns":3},{"damage":2,"enemies":"Shell Parasite","floor":24,"turns":2},{"damage":0,"enemies":"Chosen and Byrds","floor":25,"turns":4},{"damage":10,"enemies":"Centurion and Healer","floor":27,"turns":4},{"damage":0,"enemies":"3 Cultists","floor":28,"turns":2},{"damage":0,"enemies":"Slavers","floor":29,"turns":3},{"damage":3,"enemies":"Snake Plant","floor":31,"turns":4},{"damage":28,"enemies":"Collector","floor":33,"turns":4},{"damage":0,"enemies":"3 Darklings","floor":35,"turns":2},{"damage":10,"enemies":"3 Shapes","floor":36,"turns":2},{"damage":9,"enemies":"Writhing Mass","floor":37,"turns":2},{"damage":0,"enemies":"Transient","floor":38,"turns":5},{"damage":4,"enemies":"Nemesis","floor":41,"turns":6},{"damage":30,"enemies":"Maw","floor":44,"turns":4},{"damage":0,"enemies":"Giant Head","floor":45,"turns":2},{"damage":0,"enemies":"Mind Bloom Boss Battle","floor":46,"turns":4},{"damage":0,"enemies":"Reptomancer","floor":47,"turns":4},{"damage":0,"enemies":"4 Shapes","floor":48,"turns":3},{"damage":0,"enemies":"Donu and Deca","floor":50,"turns":7},{"damage":0,"enemies":"Shield and Spear","floor":54,"turns":4},{"damage":42,"enemies":"The Heart","floor":55,"turns":5}],"seed_played":"-5380780538869535979","potions_obtained":[{"floor":2,"key":"BlessingOfTheForge"},{"floor":6,"key":"PowerPotion"},{"floor":10,"key":"Weak Potion"},{"floor":14,"key":"FearPotion"},{"floor":25,"key":"BottledMiracle"},{"floor":27,"key":"BlessingOfTheForge"},{"floor":31,"key":"SkillPotion"},{"floor":33,"key":"BottledMiracle"},{"floor":35,"key":"Dexterity Potion"},{"floor":41,"key":"CultistPotion"}],"is_trial":false,"path_per_floor":["M","M","M","$","M","E","R","E","T","E","M","M","$","M","R","B",null,"M","?","?","?","$","R","M","M","T","M","M","E","R","M","R","B",null,"M","M","M","M","?","R","E","R","T","M","E","?","E","M","R","B",null,"R","$","E","B",null],"character_chosen":"WATCHER","items_purchased":["Lee\u0027s Waffle","Oddly Smooth Stone","DollysMirror"],"campfire_rested":0,"item_purchase_floors":[4,53,53],"current_hp_per_floor":[36,36,35,75,75,69,69,62,62,47,44,37,37,37,37,33,72,72,51,51,51,51,51,49,49,49,39,39,39,39,36,36,8,66,66,56,47,49,49,49,47,62,62,34,36,38,40,42,57,59,79,85,85,85,43],"gold":87,"neow_bonus":"RANDOM_COMMON_RELIC","is_prod":false,"is_daily":false,"chose_seed":false,"campfire_upgraded":3,"win_rate":0,"timestamp":1700461322,"path_taken":["M","M","M","$","M","E","R","E","T","E","M","M","$","M","R","BOSS","M","?","?","?","?","R","?","M","T","M","M","E","R","M","R","BOSS","M","M","M","M","?","R","E","R","T","M","E","?","E","M","R","BOSS","R","$","E","BOSS"],"build_version":"2022-12-18","purchased_purges":3,"victory":true,"max_hp_per_floor":[68,68,68,75,75,75,75,85,85,85,85,85,85,85,85,85,85,85,85,85,85,85,85,85,85,85,85,85,85,85,85,85,85,85,85,85,85,85,85,85,85,85,85,85,85,85,85,85,85,85,85,85,85,85,85],"card_choices":[{"not_picked":["CrushJoints","Consecrate"],"picked":"FearNoEvil","floor":1},{"not_picked":["ForeignInfluence","FlyingSleeves"],"picked":"FlurryOfBlows","floor":2},{"not_picked":["FlyingSleeves","Protect"],"picked":"ReachHeaven","floor":3},{"not_picked":["CrushJoints","SashWhip"],"picked":"Wallop","floor":5},{"not_picked":["Conclude","PathToVictory","JustLucky"],"picked":"SKIP","floor":6},{"not_picked":["Consecrate","PathToVictory"],"picked":"FearNoEvil","floor":8},{"not_picked":["Collect","FlyingSleeves"],"picked":"Meditate","floor":10},{"not_picked":["Swivel","BowlingBash"],"picked":"LessonLearned","floor":11},{"not_picked":["WindmillStrike","LikeWater","Nirvana"],"picked":"SKIP","floor":11},{"not_picked":["Prostrate","EmptyMind"],"picked":"Tantrum","floor":12},{"not_picked":["PathToVictory","FlyingSleeves"],"picked":"Tantrum","floor":12},{"not_picked":["EmptyFist","WreathOfFlame","ClearTheMind"],"picked":"SKIP","floor":14},{"not_picked":["FollowUp","ClearTheMind","Prostrate"],"picked":"SKIP","floor":14},{"not_picked":["SpiritShield","Devotion"],"picked":"Scrawl","floor":16},{"not_picked":["CarveReality","CrushJoints"],"picked":"EmptyMind","floor":18},{"not_picked":["ClearTheMind","Wallop"],"picked":"InnerPeace","floor":18},{"not_picked":["Evaluate","FlyingSleeves"],"picked":"CrushJoints","floor":24},{"not_picked":["Weave","Consecrate","Nirvana"],"picked":"SKIP","floor":24},{"not_picked":["SandsOfTime","FollowUp","EmptyFist"],"picked":"SKIP","floor":25},{"not_picked":["ClearTheMind","FollowUp","Fasting2"],"picked":"SKIP","floor":25},{"not_picked":["ClearTheMind","LessonLearned","SashWhip"],"picked":"SKIP","floor":27},{"not_picked":["Nirvana","Fasting2","Evaluate"],"picked":"SKIP","floor":27},{"not_picked":["JustLucky","BowlingBash"],"picked":"WaveOfTheHand","floor":28},{"not_picked":["CarveReality","ClearTheMind"],"picked":"FlurryOfBlows","floor":28},{"not_picked":["ReachHeaven","FlyingSleeves","FlurryOfBlows"],"picked":"SKIP","floor":29},{"not_picked":["ClearTheMind","WreathOfFlame"],"picked":"Halt","floor":31},{"not_picked":["BattleHymn","Swivel","EmptyFist"],"picked":"SKIP","floor":31},{"not_picked":["Omniscience","ConjureBlade"],"picked":"Scrawl","floor":33},{"not_picked":["FlurryOfBlows+1","FollowUp+1","ThirdEye"],"picked":"SKIP","floor":35},{"not_picked":["JustLucky+1","Crescendo+1","EmptyFist+1"],"picked":"SKIP","floor":35},{"not_picked":["SandsOfTime+1","Consecrate+1"],"picked":"MentalFortress","floor":36},{"not_picked":["Protect+1","BowlingBash+1","Tantrum+1"],"picked":"SKIP","floor":36},{"not_picked":["Blasphemy","Crescendo","FlyingSleeves+1"],"picked":"SKIP","floor":37},{"not_picked":["CrushJoints+1","Crescendo","FlyingSleeves+1"],"picked":"SKIP","floor":37},{"not_picked":["WindmillStrike+1","Swivel","BattleHymn+1"],"picked":"SKIP","floor":38},{"not_picked":["BattleHymn","Evaluate","Consecrate+1"],"picked":"SKIP","floor":38},{"not_picked":["JustLucky+1","Halt+1","Prostrate+1"],"picked":"SKIP","floor":41},{"not_picked":["Study+1","FlurryOfBlows+1"],"picked":"CutThroughFate+1","floor":44},{"not_picked":["WreathOfFlame+1","EmptyFist+1","Blasphemy"],"picked":"SKIP","floor":44},{"not_picked":["LikeWater","FlyingSleeves+1","EmptyFist+1"],"picked":"SKIP","floor":45},{"not_picked":["FearNoEvil+1","ClearTheMind","PathToVictory+1"],"picked":"SKIP","floor":47},{"not_picked":["Indignation","SashWhip+1"],"picked":"Vault","floor":48},{"not_picked":["FlyingSleeves+1","Weave+1","EmptyBody"],"picked":"SKIP","floor":48},{"not_picked":["ClearTheMind","ForeignInfluence+1"],"picked":"MentalFortress","floor":54}],"player_experience":908325,"relics_obtained":[{"floor":6,"key":"Whetstone"},{"floor":8,"key":"Pear"},{"floor":9,"key":"Prayer Wheel"},{"floor":10,"key":"Bird Faced Urn"},{"floor":19,"key":"Necronomicon"},{"floor":29,"key":"Omamori"},{"floor":34,"key":"Dream Catcher"},{"floor":34,"key":"Molten Egg 2"},{"floor":34,"key":"CaptainsWheel"},{"floor":41,"key":"Eternal Feather"},{"floor":43,"key":"Lantern"},{"floor":45,"key":"Blue Candle"},{"floor":46,"key":"Girya"},{"floor":47,"key":"Nunchaku"},{"floor":54,"key":"Damaru"}],"event_choices":[{"damage_healed":0,"gold_gain":0,"player_choice":"Obtained Book","damage_taken":21,"max_hp_gain":0,"max_hp_loss":0,"event_name":"Cursed Tome","floor":19,"gold_loss":0},{"damage_healed":0,"gold_gain":50,"player_choice":"Stole From Cult","damage_taken":0,"max_hp_gain":0,"max_hp_loss":0,"event_name":"Nest","floor":20,"gold_loss":0},{"damage_healed":0,"gold_gain":0,"player_choice":"Obtained Relic","damage_taken":0,"relics_obtained":["Peace Pipe"],"max_hp_gain":0,"max_hp_loss":0,"event_name":"Addict","floor":21,"gold_loss":85},{"damage_healed":0,"gold_gain":0,"player_choice":"Ignored","damage_taken":0,"max_hp_gain":0,"max_hp_loss":0,"event_name":"Tomb of Lord Red Mask","floor":39,"gold_loss":0},{"damage_healed":0,"gold_gain":0,"player_choice":"Fight","damage_taken":0,"max_hp_gain":0,"max_hp_loss":0,"event_name":"MindBloom","floor":46,"gold_loss":0}],"is_beta":false,"boss_relics":[{"not_picked":["Coffee Dripper","Tiny House"],"picked":"VioletLotus"},{"not_picked":["Snecko Eye","Velvet Choker"],"picked":"Calling Bell"}],"items_purged_floors":[13,22,53],"is_endless":false,"potions_floor_spawned":[2,6,10,14,25,27,31,33,35,36,41,46,47],"ascension_level":15}