{"gold_per_floor":[115,115,135,33,51,82,111,141,141,141,159,159,159,12,12,12],"floor_reached":16,"playtime":584,"items_purged":["Defend_P"],"score":233,"play_id":"89f55148-ce10-419d-85de-96bb49d9b023","local_time":"20231118192745","is_ascension_mode":true,"campfire_choices":[{"data":"Eruption","floor":10,"key":"SMITH"},{"data":"EmptyFist","floor":12,"key":"SMITH"},{"data":"FlurryOfBlows","floor":15,"key":"SMITH"}],"neow_cost":"TEN_PERCENT_HP_LOSS","seed_source_timestamp":297392904636700,"circlet_count":0,"master_deck":["AscendersBane","Strike_P","Strike_P","Strike_P","Strike_P","Defend_P","Defend_P","Eruption+1","Vigilance","Secret Weapon","EmptyFist+1","FlurryOfBlows+1","BowlingBash","CutThroughFate","Halt"],"relics":["PureWater","Smiling Mask","Incense Burner","Odd Mushroom","Letter Opener","Gremlin Horn","Membership Card"],"potions_floor_usage":[6,8],"damage_taken":[{"damage":2,"enemies":"Jaw Worm","floor":1,"turns":4},{"damage":0,"enemies":"2 Louse","floor":3,"turns":2},{"damage":1,"enemies":"Small Slimes","floor":5,"turns":2},{"damage":7,"enemies":"Lagavulin","floor":6,"turns":3},{"damage":10,"enemies":"The Mushroom Lair","floor":7,"turns":4},{"damage":0,"enemies":"Gremlin Nob","floor":8,"turns":2},{"damage":2,"enemies":"Exordium Wildlife","floor":11,"turns":3},{"damage":29,"enemies":"Hexaghost","floor":16,"turns":7}],"seed_played":"-6283943203138770415","potions_obtained":[{"floor":6,"key":"GamblersBrew"},{"floor":7,"key":"Fire Potion"}],"is_trial":false,"path_per_floor":["M","?","M","$","M","E","?","E","T","R","M","R","?","$","R","B"],"character_chosen":"WATCHER","items_purchased":["Fire Potion","Membership Card"],"campfire_rested":0,"item_purchase_floors":[4,14],"current_hp_per_floor":[59,48,48,48,47,40,30,30,30,30,28,28,28,28,28,0],"gold":12,"neow_bonus":"RANDOM_COLORLESS_2","is_prod":false,"is_daily":false,"chose_seed":false,"campfire_upgraded":3,"win_rate":0,"timestamp":1700364465,"path_taken":["M","?","M","$","M","E","?","E","T","R","M","R","?","$","R","BOSS"],"build_version":"2022-12-18","purchased_purges":1,"victory":false,"max_hp_per_floor":[62,62,62,62,62,62,62,62,62,62,62,62,62,62,62,62],"card_choices":[{"not_picked":["Panache","Magnetism"],"picked":"Secret Weapon","floor":0},{"not_picked":["Worship","FlurryOfBlows"],"picked":"EmptyFist","floor":1},{"not_picked":["Perseverance","ClearTheMind","PathToVictory"],"picked":"SKIP","floor":3},{"not_picked":["ClearTheMind","JustLucky"],"picked":"FlurryOfBlows","floor":5},{"not_picked":["Vengeance","Consecrate"],"picked":"BowlingBash","floor":6},{"not_picked":["Crescendo","Devotion"],"picked":"CutThroughFate","floor":8},{"not_picked":["EmptyBody","ClearTheMind"],"picked":"Halt","floor":11}],"player_experience":907741,"relics_obtained":[{"floor":6,"key":"Incense Burner"},{"floor":7,"key":"Odd Mushroom"},{"floor":8,"key":"Letter Opener"},{"floor":9,"key":"Gremlin Horn"}],"event_choices":[{"damage_healed":0,"gold_gain":0,"player_choice":"Success","damage_taken":11,"relics_obtained":["Smiling Mask"],"max_hp_gain":0,"max_hp_loss":0,"event_name":"Scrap Ooze","floor":2,"gold_loss":0},{"damage_healed":0,"gold_gain":0,"player_choice":"Fought Mushrooms","damage_taken":0,"max_hp_gain":0,"max_hp_loss":0,"event_name":"Mushrooms","floor":7,"gold_loss":0},{"cards_removed":["Defend_P"],"damage_healed":0,"gold_gain":0,"player_choice":"Forget","damage_taken":0,"max_hp_gain":0,"max_hp_loss":0,"event_name":"Living Wall","floor":13,"gold_loss":0}],"is_beta":false,"boss_relics":[],"items_purged_floors":[4],"is_endless":false,"potions_floor_spawned":[6,7],"killed_by":"Hexaghost","ascension_level":15}