{"gold_per_floor":[111,122,133,56,75,75,103,113,136,151,151,185,155,30,30,109,109,109,64,29,29,29,29,29,29,29,29,29,29,29,29,29,29,29,29,29,29,29,29,29,29,29,29,29,29,29,29],"floor_reached":47,"playtime":2227,"items_purged":["Defend_P"],"score":1103,"play_id":"077646ec-620e-48ee-8288-cfbbe1017dc3","local_time":"20231117223050","is_ascension_mode":true,"campfire_choices":[{"data":"Eruption","floor":6,"key":"SMITH"},{"data":"Adaptation","floor":11,"key":"SMITH"},{"floor":15,"key":"DIG"},{"data":"Ragnarok","floor":25,"key":"SMITH"},{"floor":27,"key":"REST"},{"floor":32,"key":"REST"},{"floor":40,"key":"DIG"},{"floor":45,"key":"RECALL"}],"neow_cost":"PERCENT_DAMAGE","seed_source_timestamp":220324599818200,"circlet_count":0,"master_deck":["AscendersBane","Strike_P+1","Strike_P+1","Strike_P+1","Defend_P+1","Defend_P+1","Eruption+1","Vigilance","Ragnarok+1","CrushJoints+1","FearNoEvil","EmptyMind+1","Adaptation+1","Indignation","ThirdEye","Judgement","InnerPeace+1","FlurryOfBlows","Prostrate+1","Adaptation+1","Vengeance","LessonLearned","CutThroughFate+1"],"relics":["PureWater","Shovel","Nunchaku","Omamori","Ectoplasm","Gremlin Horn","Oddly Smooth Stone","Bottled Tornado","Vajra","VioletLotus","Bag of Marbles","Mummified Hand","Orichalcum","Question Card"],"potions_floor_usage":[10,12,12,16,23,28,33,37,41],"damage_taken":[{"damage":1,"enemies":"2 Louse","floor":1,"turns":3},{"damage":0,"enemies":"Cultist","floor":2,"turns":2},{"damage":2,"enemies":"Jaw Worm","floor":3,"turns":2},{"damage":3,"enemies":"Blue Slaver","floor":5,"turns":4},{"damage":0,"enemies":"Gremlin Nob","floor":7,"turns":2},{"damage":0,"enemies":"Large Slime","floor":8,"turns":3},{"damage":17,"enemies":"Exordium Thugs","floor":10,"turns":5},{"damage":2,"enemies":"3 Sentries","floor":12,"turns":3},{"damage":1,"enemies":"Hexaghost","floor":16,"turns":6},{"damage":2,"enemies":"Shell Parasite","floor":18,"turns":3},{"damage":15,"enemies":"2 Thieves","floor":19,"turns":3},{"damage":2,"enemies":"Chosen and Byrds","floor":22,"turns":3},{"damage":10,"enemies":"Book of Stabbing","floor":23,"turns":3},{"damage":15,"enemies":"Slavers","floor":28,"turns":2},{"damage":1,"enemies":"Shelled Parasite and Fungi","floor":29,"turns":2},{"damage":15,"enemies":"Book of Stabbing","floor":30,"turns":3},{"damage":0,"enemies":"Snake Plant","floor":31,"turns":2},{"damage":0,"enemies":"Champ","floor":33,"turns":5},{"damage":1,"enemies":"3 Darklings","floor":35,"turns":2},{"damage":2,"enemies":"3 Shapes","floor":37,"turns":3},{"damage":3,"enemies":"Sphere and 2 Shapes","floor":39,"turns":6},{"damage":4,"enemies":"Nemesis","floor":41,"turns":3},{"damage":17,"enemies":"Giant Head","floor":44,"turns":3},{"damage":0,"enemies":"3 Darklings","floor":46,"turns":1},{"damage":89,"enemies":"Nemesis","floor":47,"turns":4}],"seed_played":"-5281933822674991063","potions_obtained":[{"floor":2,"key":"Swift Potion"},{"floor":5,"key":"Fire Potion"},{"floor":10,"key":"Explosive Potion"},{"floor":13,"key":"SmokeBomb"},{"floor":13,"key":"BlessingOfTheForge"},{"floor":22,"key":"Explosive Potion"},{"floor":30,"key":"Block Potion"},{"floor":31,"key":"BottledMiracle"},{"floor":33,"key":"Swift Potion"},{"floor":41,"key":"DuplicationPotion"}],"is_trial":false,"path_per_floor":["M","M","M","$","M","R","E","M","T","M","R","E","?","$","R","B",null,"M","M","$","?","M","E","?","R","T","R","E","M","E","M","R","B",null,"M","?","M","$","M","R","E","?","T","E","R","M","E"],"character_chosen":"WATCHER","items_purchased":["Adaptation","AttackPotion","InnerPeace"],"campfire_rested":2,"item_purchase_floors":[4,14,20],"current_hp_per_floor":[42,42,40,40,37,37,37,37,37,20,20,18,18,18,18,17,55,53,38,38,38,36,26,26,26,26,46,31,30,15,15,35,35,60,59,59,57,57,54,54,50,50,50,33,33,33,0],"gold":29,"neow_bonus":"THREE_RARE_CARDS","is_prod":false,"is_daily":false,"chose_seed":false,"campfire_upgraded":3,"win_rate":0,"timestamp":1700289050,"path_taken":["M","M","M","$","M","R","E","M","T","M","R","E","?","?","R","BOSS","M","M","$","?","M","E","?","R","T","R","E","M","E","M","R","BOSS","M","?","M","?","M","R","E","?","T","E","R","M","E"],"build_version":"2022-12-18","purchased_purges":1,"victory":false,"max_hp_per_floor":[68,68,68,68,68,68,68,68,68,68,68,68,68,68,68,68,68,68,68,68,68,68,68,68,68,68,68,68,68,68,68,68,68,68,68,68,68,68,68,68,68,65,65,65,65,65,65],"card_choices":[{"not_picked":["Alpha","DeusExMachina"],"picked":"Ragnarok","floor":0},{"not_picked":["CutThroughFate","PathToVictory"],"picked":"CrushJoints","floor":1},{"not_picked":["JustLucky","CutThroughFate"],"picked":"FearNoEvil","floor":2},{"not_picked":["Collect","WaveOfTheHand"],"picked":"EmptyMind","floor":3},{"not_picked":["Halt","Evaluate","Crescendo"],"picked":"SKIP","floor":5},{"not_picked":["Wallop","EmptyFist"],"picked":"Indignation","floor":7},{"not_picked":["Conclude","Evaluate","Perseverance"],"picked":"SKIP","floor":8},{"not_picked":["CutThroughFate","FollowUp"],"picked":"ThirdEye","floor":10},{"not_picked":["Conclude","FlyingSleeves","SignatureMove"],"picked":"SKIP","floor":12},{"not_picked":["Establishment","Ragnarok"],"picked":"Judgement","floor":16},{"not_picked":["Pray","Crescendo","PathToVictory"],"picked":"SKIP","floor":18},{"not_picked":["Perseverance+1","BattleHymn","WaveOfTheHand"],"picked":"SKIP","floor":19},{"not_picked":["EmptyFist","ClearTheMind","FlurryOfBlows"],"picked":"SKIP","floor":22},{"not_picked":["TalkToTheHand","EmptyFist"],"picked":"Adaptation+1","floor":23},{"not_picked":["Pray","Swivel","PathToVictory"],"picked":"SKIP","floor":28},{"not_picked":["ThirdEye","WheelKick"],"picked":"Vengeance","floor":29},{"not_picked":["JustLucky","Vengeance+1","SignatureMove"],"picked":"SKIP","floor":30},{"not_picked":["ThirdEye","WaveOfTheHand","FlyingSleeves"],"picked":"SKIP","floor":31},{"not_picked":["Brilliance","Establishment"],"picked":"LessonLearned","floor":33},{"not_picked":["EmptyBody","PathToVictory","Conclude+1"],"picked":"SKIP","floor":35},{"not_picked":["JustLucky","Crescendo","Consecrate"],"picked":"SKIP","floor":37},{"not_picked":["SashWhip","Vengeance","FlyingSleeves"],"picked":"SKIP","floor":39},{"not_picked":["Crescendo","FlyingSleeves","EmptyBody"],"picked":"SKIP","floor":41},{"not_picked":["Judgement","PathToVictory","Conclude"],"picked":"SKIP","floor":44},{"not_picked":["JustLucky+1","Consecrate","Prostrate"],"picked":"CutThroughFate+1","floor":46}],"player_experience":905514,"relics_obtained":[{"floor":7,"key":"Shovel"},{"floor":12,"key":"Nunchaku"},{"floor":15,"key":"Omamori"},{"floor":23,"key":"Gremlin Horn"},{"floor":26,"key":"Oddly Smooth Stone"},{"floor":28,"key":"Bottled Tornado"},{"floor":30,"key":"Vajra"},{"floor":40,"key":"Bag of Marbles"},{"floor":41,"key":"Mummified Hand"},{"floor":43,"key":"Orichalcum"},{"floor":44,"key":"Question Card"}],"event_choices":[{"damage_healed":0,"gold_gain":0,"player_choice":"Bought 2 Potions","damage_taken":0,"max_hp_gain":0,"max_hp_loss":0,"event_name":"The Woman in Blue","floor":13,"gold_loss":0},{"damage_healed":0,"gold_gain":0,"cards_transformed":["Defend_P","Strike_P"],"player_choice":"Became Test Subject","damage_taken":0,"max_hp_gain":0,"max_hp_loss":0,"event_name":"Drug Dealer","floor":21,"gold_loss":0,"cards_obtained":["FlurryOfBlows","Prostrate"]},{"damage_healed":0,"gold_gain":0,"player_choice":"Simplicity","damage_taken":0,"max_hp_gain":0,"max_hp_loss":0,"event_name":"Back to Basics","floor":24,"gold_loss":0,"cards_upgraded":["Strike_P","Strike_P","Strike_P","Defend_P","Defend_P"]},{"damage_healed":0,"gold_gain":0,"player_choice":"Ignored","damage_taken":0,"max_hp_gain":0,"max_hp_loss":0,"event_name":"Golden Shrine","floor":36,"gold_loss":0},{"damage_healed":0,"gold_gain":0,"player_choice":"Max HP","damage_taken":0,"max_hp_gain":0,"max_hp_loss":3,"event_name":"Winding Halls","floor":42,"gold_loss":0}],"is_beta":false,"boss_relics":[{"not_picked":["Black Star","Velvet Choker"],"picked":"Ectoplasm"},{"not_picked":["Cursed Key","SlaversCollar"],"picked":"VioletLotus"}],"items_purged_floors":[14],"is_endless":false,"potions_floor_spawned":[2,5,8,10,22,30,31,33,41],"killed_by":"Nemesis","ascension_level":15}