{"gold_per_floor":[114,130,143,143,159,194,194,228,228,228,228,228,261,280,280,354,354,371,382,382,226,237,237,271,271,271,0,32,43,68,78,78,154,154,170,182,236,8,23,51,69,99,99,99,127,127,152,152,152,152,152,152,16,44,44],"floor_reached":56,"playtime":4163,"items_purged":["Strike_P","Defend_P","Strike_P+1"],"score":2487,"play_id":"7c497d94-4afb-47dc-944b-dd7938c6cc95","local_time":"20231206000120","is_ascension_mode":true,"campfire_choices":[{"data":"EmptyFist","floor":7,"key":"SMITH"},{"floor":12,"key":"REST"},{"data":"Adaptation","floor":15,"key":"SMITH"},{"data":"ThirdEye","floor":23,"key":"SMITH"},{"data":"MentalFortress","floor":25,"key":"SMITH"},{"data":"Strike_P","floor":32,"key":"PURGE"},{"floor":44,"key":"RECALL"},{"data":"1","floor":49,"key":"LIFT"},{"data":"2","floor":52,"key":"LIFT"}],"neow_cost":"NONE","seed_source_timestamp":1779072130975800,"circlet_count":0,"master_deck":["AscendersBane","Strike_P+1","Defend_P+1","Defend_P+1","Eruption+1","Vigilance+1","ThirdEye+1","EmptyFist+1","FlurryOfBlows+1","InnerPeace+1","Scrawl+1","FlurryOfBlows+1","Adaptation+1","LessonLearned+1","CutThroughFate+1","InnerPeace+1","Halt+1","MentalFortress+1","Eruption+1","EmptyMind+1","FlurryOfBlows+1","ThirdEye+1","MentalFortress+1","EmptyMind+1","Indignation+1","Meditate+1","SandsOfTime+1","Fasting2+1"],"relics":["HolyWater","Yang","Nunchaku","Ornamental Fan","War Paint","Lantern","Omamori","Peace Pipe","DollysMirror","The Courier","Orichalcum","SlaversCollar","Calipers","Membership Card","Pantograph","Singing Bowl","Girya","Gambling Chip","MealTicket","Bag of Marbles"],"potions_floor_usage":[16,28,33,55],"damage_taken":[{"damage":0,"enemies":"Small Slimes","floor":1,"turns":3},{"damage":1,"enemies":"Jaw Worm","floor":2,"turns":5},{"damage":2,"enemies":"2 Louse","floor":3,"turns":2},{"damage":0,"enemies":"Blue Slaver","floor":5,"turns":2},{"damage":15,"enemies":"Lagavulin","floor":6,"turns":6},{"damage":2,"enemies":"3 Sentries","floor":8,"turns":5},{"damage":0,"enemies":"Gremlin Nob","floor":13,"turns":1},{"damage":0,"enemies":"Red Slaver","floor":14,"turns":2},{"damage":17,"enemies":"Slime Boss","floor":16,"turns":10},{"damage":0,"enemies":"Spheric Guardian","floor":18,"turns":4},{"damage":0,"enemies":"Chosen","floor":19,"turns":1},{"damage":6,"enemies":"Snake Plant","floor":22,"turns":3},{"damage":0,"enemies":"Gremlin Leader","floor":24,"turns":4},{"damage":3,"enemies":"Slavers","floor":28,"turns":3},{"damage":0,"enemies":"Sentry and Sphere","floor":29,"turns":3},{"damage":4,"enemies":"Book of Stabbing","floor":30,"turns":4},{"damage":5,"enemies":"Snecko","floor":31,"turns":5},{"damage":8,"enemies":"Collector","floor":33,"turns":6},{"damage":0,"enemies":"3 Shapes","floor":35,"turns":3},{"damage":0,"enemies":"Orb Walker","floor":36,"turns":1},{"damage":13,"enemies":"2 Orb Walkers","floor":37,"turns":4},{"damage":0,"enemies":"Spire Growth","floor":39,"turns":3},{"damage":0,"enemies":"Nemesis","floor":40,"turns":3},{"damage":0,"enemies":"Writhing Mass","floor":41,"turns":2},{"damage":0,"enemies":"Giant Head","floor":42,"turns":2},{"damage":5,"enemies":"Reptomancer","floor":45,"turns":5},{"damage":0,"enemies":"Nemesis","floor":47,"turns":3},{"damage":0,"enemies":"Awakened One","floor":50,"turns":5},{"damage":0,"enemies":"Shield and Spear","floor":54,"turns":3},{"damage":7,"enemies":"The Heart","floor":55,"turns":5}],"seed_played":"1159587098115246442","potions_obtained":[{"floor":2,"key":"SpeedPotion"},{"floor":6,"key":"Energy Potion"},{"floor":16,"key":"Block Potion"},{"floor":28,"key":"DuplicationPotion"},{"floor":29,"key":"PowerPotion"},{"floor":36,"key":"Fire Potion"},{"floor":42,"key":"StancePotion"}],"is_trial":false,"path_per_floor":["M","M","M","?","M","E","R","E","T","?","?","R","E","M","R","B",null,"M","M","?","$","M","R","E","R","T","$","E","M","E","M","R","B",null,"M","M","?","$","M","E","M","E","T","R","E","?","E","T","R","B",null,"R","$","E","B",null],"character_chosen":"WATCHER","items_purchased":["InnerPeace","DollysMirror","Membership Card","Meditate","Ancient Potion","Fasting2","Bag of Marbles"],"campfire_rested":1,"item_purchase_floors":[21,27,38,38,53,53,53],"current_hp_per_floor":[61,60,58,40,40,25,25,23,23,23,3,23,23,23,23,6,53,53,53,53,53,47,47,47,47,47,47,44,44,40,35,35,27,58,58,58,45,45,45,45,45,47,47,47,44,44,46,46,46,70,70,70,70,72,65],"gold":44,"neow_bonus":"UPGRADE_CARD","is_prod":false,"is_daily":false,"chose_seed":false,"campfire_upgraded":4,"win_rate":0,"timestamp":1701849680,"path_taken":["M","M","M","?","M","E","R","E","T","?","?","R","E","M","R","BOSS","M","M","?","$","M","R","E","R","T","$","E","M","E","M","R","BOSS","M","M","?","$","M","E","M","E","T","R","E","?","E","?","R","BOSS","R","$","E","BOSS"],"build_version":"2022-12-18","purchased_purges":3,"victory":true,"max_hp_per_floor":[68,68,68,68,68,68,68,68,68,68,68,68,68,68,68,68,68,68,68,68,68,68,68,68,68,68,68,68,68,68,68,68,68,68,68,68,68,68,68,68,68,70,70,70,72,68,70,70,70,70,70,70,70,72,72],"card_choices":[{"not_picked":["Vengeance","Prostrate"],"picked":"ThirdEye","floor":1},{"not_picked":["Protect","PathToVictory"],"picked":"EmptyFist","floor":2},{"not_picked":["EmptyBody","FollowUp"],"picked":"FlurryOfBlows","floor":3},{"not_picked":["Crescendo","EmptyFist"],"picked":"InnerPeace","floor":5},{"not_picked":["Swivel","JustLucky"],"picked":"Scrawl","floor":6},{"not_picked":["SashWhip","ThirdEye"],"picked":"FlurryOfBlows","floor":8},{"not_picked":["ClearTheMind","Consecrate"],"picked":"Adaptation","floor":13},{"not_picked":["PathToVictory","FollowUp","EmptyBody"],"picked":"SKIP","floor":14},{"not_picked":["ConjureBlade","Wish"],"picked":"LessonLearned","floor":16},{"not_picked":["Weave","SashWhip"],"picked":"CutThroughFate","floor":18},{"not_picked":["EmptyFist","Crescendo","FollowUp"],"picked":"SKIP","floor":19},{"not_picked":["Prostrate","PathToVictory"],"picked":"Halt+1","floor":22},{"not_picked":["CutThroughFate","CrushJoints"],"picked":"MentalFortress","floor":24},{"not_picked":["ReachHeaven+1","FlurryOfBlows"],"picked":"EmptyMind","floor":28},{"not_picked":["ConjureBlade","LikeWater"],"picked":"FlurryOfBlows","floor":29},{"not_picked":["ForeignInfluence","SashWhip"],"picked":"ThirdEye+1","floor":30},{"not_picked":["CutThroughFate","SashWhip+1"],"picked":"MentalFortress","floor":31},{"not_picked":["Collect+1","EmptyBody+1"],"picked":"EmptyMind+1","floor":35},{"not_picked":["CarveReality","Prostrate"],"picked":"Indignation+1","floor":36},{"not_picked":["ClearTheMind","Prostrate"],"picked":"SandsOfTime+1","floor":39},{"not_picked":["Collect","BowlingBash","EmptyFist"],"picked":"SKIP","floor":40},{"not_picked":["FollowUp+1","ClearTheMind+1","EmptyFist"],"picked":"SKIP","floor":41},{"not_picked":["CrushJoints","Ragnarok","Wireheading"],"picked":"Singing Bowl","floor":42},{"not_picked":["CutThroughFate","CarveReality+1","WindmillStrike+1"],"picked":"Singing Bowl","floor":45},{"not_picked":["Wallop","CrushJoints+1","JustLucky+1"],"picked":"Singing Bowl","floor":47},{"not_picked":["ThirdEye","Vault","Sanctity"],"picked":"Singing Bowl","floor":54}],"player_experience":928564,"relics_obtained":[{"floor":6,"key":"Nunchaku"},{"floor":8,"key":"Ornamental Fan"},{"floor":9,"key":"War Paint"},{"floor":13,"key":"Lantern"},{"floor":24,"key":"Omamori"},{"floor":26,"key":"Peace Pipe"},{"floor":28,"key":"The Courier"},{"floor":30,"key":"Orichalcum"},{"floor":37,"key":"Calipers"},{"floor":40,"key":"Pantograph"},{"floor":42,"key":"Singing Bowl"},{"floor":45,"key":"Girya"},{"floor":47,"key":"Gambling Chip"},{"floor":48,"key":"MealTicket"}],"event_choices":[{"damage_healed":0,"gold_gain":0,"player_choice":"Success","damage_taken":18,"relics_obtained":["Yang"],"max_hp_gain":0,"max_hp_loss":0,"event_name":"Scrap Ooze","floor":4,"gold_loss":0},{"damage_healed":0,"gold_gain":0,"player_choice":"Ignored","damage_taken":0,"max_hp_gain":0,"max_hp_loss":0,"event_name":"Liars Game","floor":10,"gold_loss":0},{"damage_healed":0,"gold_gain":0,"player_choice":"Entered Light","damage_taken":20,"max_hp_gain":0,"max_hp_loss":0,"event_name":"Shining Light","floor":11,"gold_loss":0,"cards_upgraded":["Scrawl","FlurryOfBlows"]},{"cards_removed":["Defend_P"],"damage_healed":0,"gold_gain":0,"player_choice":"Elegance","damage_taken":0,"max_hp_gain":0,"max_hp_loss":0,"event_name":"Back to Basics","floor":20,"gold_loss":0},{"damage_healed":0,"gold_gain":0,"player_choice":"Fight","damage_taken":0,"max_hp_gain":0,"max_hp_loss":0,"event_name":"Mysterious Sphere","floor":37,"gold_loss":0},{"damage_healed":0,"gold_gain":0,"player_choice":"Max HP","damage_taken":0,"max_hp_gain":0,"max_hp_loss":4,"event_name":"Winding Halls","floor":46,"gold_loss":0}],"is_beta":false,"boss_relics":[{"not_picked":["SacredBark","Sozu"],"picked":"HolyWater"},{"not_picked":["Cursed Key","Runic Dome"],"picked":"SlaversCollar"}],"items_purged_floors":[21,27,38],"is_endless":false,"potions_floor_spawned":[2,6,16,22,28,29,36,42,45,47],"ascension_level":16}