{"gold_per_floor":[111,36,36,46,46,46,75,75,75,109,109,141,141,174,174,248,248,258,258,271,287,108,108,135,135,135,155,155,165,75,87,87,162,162,173,99,115,170,195,195,221,221,221,246,79,94,94,94,94,94,94,94,11,44,44],"floor_reached":56,"playtime":2728,"items_purged":["Defend_P","Strike_P"],"score":2454,"play_id":"5f85e104-eac7-4bf4-83ca-fcf29ef3bce6","local_time":"20231214192053","is_ascension_mode":true,"campfire_choices":[{"data":"CrushJoints","floor":6,"key":"SMITH"},{"data":"EmptyFist","floor":13,"key":"SMITH"},{"data":"CarveReality","floor":15,"key":"SMITH"},{"data":"Scrawl","floor":23,"key":"SMITH"},{"data":"MentalFortress","floor":25,"key":"SMITH"},{"data":"Defend_P","floor":28,"key":"PURGE"},{"data":"TalkToTheHand","floor":32,"key":"SMITH"},{"data":"Strike_P","floor":40,"key":"PURGE"},{"floor":42,"key":"RECALL"},{"data":"EmptyMind","floor":49,"key":"SMITH"},{"data":"MentalFortress","floor":52,"key":"SMITH"}],"neow_cost":"NONE","seed_source_timestamp":116643001164900,"circlet_count":0,"master_deck":["AscendersBane","Eruption+1","Vigilance","CrushJoints+1","CarveReality+1","MentalFortress+1","EmptyFist+1","Scrawl+1","InnerPeace","TalkToTheHand+1","Halt","EmptyMind+1","MentalFortress+1","Adaptation"],"relics":["PureWater","PreservedInsect","Nunchaku","Toy Ornithopter","White Beast Statue","Pantograph","Empty Cage","Art of War","Peace Pipe","SlaversCollar","Unceasing Top","Vajra","Bag of Preparation","OrangePellets","Darkstone Periapt"],"potions_floor_usage":[10,14,18,20,24,27,31,33,35,37,38,50,55,55],"damage_taken":[{"damage":11,"enemies":"Jaw Worm","floor":1,"turns":7},{"damage":0,"enemies":"Small Slimes","floor":4,"turns":2},{"damage":0,"enemies":"Gremlin Nob","floor":7,"turns":2},{"damage":0,"enemies":"3 Sentries","floor":10,"turns":2},{"damage":3,"enemies":"Lagavulin","floor":12,"turns":3},{"damage":5,"enemies":"3 Sentries","floor":14,"turns":4},{"damage":0,"enemies":"Slime Boss","floor":16,"turns":4},{"damage":0,"enemies":"Spheric Guardian","floor":18,"turns":3},{"damage":0,"enemies":"Shell Parasite","floor":20,"turns":1},{"damage":19,"enemies":"Chosen and Byrds","floor":21,"turns":3},{"damage":3,"enemies":"Book of Stabbing","floor":24,"turns":3},{"damage":10,"enemies":"Sentry and Sphere","floor":27,"turns":3},{"damage":20,"enemies":"Snake Plant","floor":29,"turns":3},{"damage":0,"enemies":"3 Cultists","floor":31,"turns":3},{"damage":0,"enemies":"Collector","floor":33,"turns":4},{"damage":5,"enemies":"3 Shapes","floor":35,"turns":3},{"damage":8,"enemies":"Orb Walker","floor":37,"turns":2},{"damage":12,"enemies":"2 Orb Walkers","floor":38,"turns":4},{"damage":0,"enemies":"Mind Bloom Boss Battle","floor":39,"turns":3},{"damage":0,"enemies":"Reptomancer","floor":41,"turns":3},{"damage":0,"enemies":"Giant Head","floor":44,"turns":4},{"damage":0,"enemies":"3 Darklings","floor":46,"turns":6},{"damage":19,"enemies":"Awakened One","floor":50,"turns":8},{"damage":6,"enemies":"Shield and Spear","floor":54,"turns":6},{"damage":52,"enemies":"The Heart","floor":55,"turns":9}],"seed_played":"4738953858810386853","potions_obtained":[{"floor":4,"key":"Explosive Potion"},{"floor":10,"key":"BottledMiracle"},{"floor":12,"key":"LiquidMemories"},{"floor":14,"key":"Fire Potion"},{"floor":16,"key":"AttackPotion"},{"floor":18,"key":"FearPotion"},{"floor":20,"key":"Block Potion"},{"floor":24,"key":"Strength Potion"},{"floor":27,"key":"Fire Potion"},{"floor":29,"key":"Ambrosia"},{"floor":31,"key":"AttackPotion"},{"floor":33,"key":"BottledMiracle"},{"floor":35,"key":"Explosive Potion"},{"floor":37,"key":"BottledMiracle"},{"floor":38,"key":"SteroidPotion"}],"is_trial":false,"path_per_floor":["M","$","?","M","?","R","E","?","T","E","?","E","R","E","R","B",null,"M","?","M","M","$","R","E","R","T","M","R","M","$","M","R","B",null,"M","$","M","?","?","R","E","R","T","E","$","M","T","$","R","B",null,"R","$","E","B",null],"character_chosen":"WATCHER","items_purchased":["InnerPeace","EmptyMind","MentalFortress","OrangePellets","DuplicationPotion"],"campfire_rested":0,"item_purchase_floors":[22,30,36,45,53],"current_hp_per_floor":[50,50,50,50,43,43,43,48,48,53,43,40,40,40,40,65,71,73,73,73,54,54,54,56,56,56,51,51,31,31,36,36,66,71,71,71,65,58,73,73,73,73,73,73,73,73,73,73,73,59,70,70,70,64,23],"gold":44,"neow_bonus":"RANDOM_COMMON_RELIC","is_prod":false,"is_daily":false,"chose_seed":false,"campfire_upgraded":8,"win_rate":0,"timestamp":1702610453,"path_taken":["M","$","?","M","?","R","E","?","T","E","?","E","R","E","R","BOSS","M","?","M","M","$","R","E","R","T","M","R","M","$","M","R","BOSS","M","$","?","?","?","R","E","R","T","E","$","M","?","$","R","BOSS","R","$","E","BOSS"],"build_version":"2022-12-18","purchased_purges":2,"victory":true,"max_hp_per_floor":[68,68,68,68,68,68,68,73,73,73,73,73,73,73,73,73,73,73,73,73,73,73,73,73,73,73,73,73,73,73,73,73,73,73,73,73,73,73,73,73,73,73,73,73,73,73,73,73,73,73,73,73,73,73,73],"card_choices":[{"not_picked":["JustLucky","Prostrate"],"picked":"CrushJoints","floor":1},{"not_picked":["Halt","FlyingSleeves"],"picked":"CarveReality","floor":4},{"not_picked":["Crescendo","Vengeance"],"picked":"MentalFortress","floor":7},{"not_picked":["MasterReality","PathToVictory"],"picked":"EmptyFist","floor":10},{"not_picked":["CrushJoints","PathToVictory","Halt"],"picked":"SKIP","floor":12},{"not_picked":["LikeWater","ForeignInfluence","Crescendo"],"picked":"SKIP","floor":14},{"not_picked":["Blasphemy","Omniscience"],"picked":"Scrawl","floor":16},{"not_picked":["Wireheading","Evaluate","FlyingSleeves"],"picked":"SKIP","floor":18},{"not_picked":["Crescendo+1","EmptyFist","SashWhip+1"],"picked":"SKIP","floor":20},{"not_picked":["BattleHymn","Evaluate","EmptyFist"],"picked":"SKIP","floor":21},{"not_picked":["FearNoEvil","Evaluate","Consecrate"],"picked":"SKIP","floor":24},{"not_picked":["Perseverance","Worship+1"],"picked":"TalkToTheHand","floor":27},{"not_picked":["Crescendo","Blasphemy"],"picked":"Halt","floor":29},{"not_picked":["SashWhip","FlyingSleeves","JustLucky"],"picked":"SKIP","floor":31},{"not_picked":["ThirdEye","FlyingSleeves","EmptyBody"],"picked":"SKIP","floor":35},{"not_picked":["BowlingBash","TalkToTheHand","EmptyFist"],"picked":"SKIP","floor":37},{"not_picked":["Indignation","Conclude","WheelKick"],"picked":"SKIP","floor":41},{"not_picked":["Study","ThirdEye","ClearTheMind"],"picked":"SKIP","floor":44},{"not_picked":["SashWhip+1","Swivel+1","Weave"],"picked":"SKIP","floor":46},{"not_picked":["JustLucky","Fasting2"],"picked":"Adaptation","floor":54}],"player_experience":991864,"relics_obtained":[{"floor":7,"key":"Nunchaku"},{"floor":9,"key":"Toy Ornithopter"},{"floor":10,"key":"White Beast Statue"},{"floor":14,"key":"Pantograph"},{"floor":24,"key":"Art of War"},{"floor":26,"key":"Peace Pipe"},{"floor":38,"key":"Unceasing Top"},{"floor":41,"key":"Vajra"},{"floor":44,"key":"Bag of Preparation"},{"floor":47,"key":"Darkstone Periapt"}],"event_choices":[{"damage_healed":0,"gold_gain":0,"player_choice":"Grow","damage_taken":0,"max_hp_gain":0,"max_hp_loss":0,"event_name":"Living Wall","floor":3,"gold_loss":0,"cards_upgraded":["Eruption"]},{"cards_removed":["Strike_P"],"damage_healed":0,"gold_gain":0,"player_choice":"Card Removal","damage_taken":7,"max_hp_gain":0,"max_hp_loss":0,"event_name":"Golden Wing","floor":5,"gold_loss":0},{"damage_healed":0,"gold_gain":0,"player_choice":"Donut","damage_taken":0,"max_hp_gain":5,"max_hp_loss":0,"event_name":"Big Fish","floor":8,"gold_loss":0},{"damage_healed":0,"gold_gain":0,"player_choice":"Damaged","damage_taken":10,"max_hp_gain":0,"max_hp_loss":0,"event_name":"Wheel of Change","floor":11,"gold_loss":0},{"cards_removed":["Defend_P"],"damage_healed":0,"gold_gain":0,"player_choice":"Offered Basic","damage_taken":0,"max_hp_gain":0,"max_hp_loss":0,"event_name":"Bonfire Elementals","floor":19,"gold_loss":0},{"damage_healed":0,"gold_gain":0,"player_choice":"Fight","damage_taken":0,"max_hp_gain":0,"max_hp_loss":0,"event_name":"Mysterious Sphere","floor":38,"gold_loss":0},{"damage_healed":0,"gold_gain":0,"player_choice":"Fight","damage_taken":0,"max_hp_gain":0,"max_hp_loss":0,"event_name":"MindBloom","floor":39,"gold_loss":0}],"is_beta":false,"boss_relics":[{"not_picked":["Astrolabe","Calling Bell"],"picked":"Empty Cage"},{"not_picked":["HolyWater","Pandora\u0027s Box"],"picked":"SlaversCollar"}],"items_purged_floors":[2,22],"is_endless":false,"potions_floor_spawned":[4,10,12,14,16,18,20,21,24,27,29,31,33,35,37,38,39,41,44,46,54],"ascension_level":18}