{"gold_per_floor":[19,36,56,68,68,100,100,120,144,144,178,253,23,54,54,127,127,137,148,48,98,14,14,49,68,114,114,149,149,184,201,201,275,275,286,311,49,66,84,111,111,146,146,146,186,186,200,76,76,76,76,76,26,51,51],"floor_reached":56,"playtime":4121,"items_purged":["Defend_P","Strike_P","Defend_P+1","Strike_P+1"],"score":2537,"play_id":"b0c0a3c9-2c0f-48bd-a842-2f5299aaef13","local_time":"20231209193218","is_ascension_mode":true,"campfire_choices":[{"data":"Eruption","floor":7,"key":"SMITH"},{"data":"EmptyFist","floor":10,"key":"SMITH"},{"floor":15,"key":"REST"},{"data":"Scrawl","floor":23,"key":"SMITH"},{"data":"Meditate","floor":29,"key":"SMITH"},{"data":"Ghostly","floor":32,"key":"SMITH"},{"data":"EmptyMind","floor":41,"key":"SMITH"},{"floor":44,"key":"RECALL"},{"floor":46,"key":"REST"},{"floor":49,"key":"REST"},{"floor":52,"key":"REST"}],"neow_cost":"NO_GOLD","seed_source_timestamp":151510919231700,"circlet_count":0,"master_deck":["AscendersBane","Strike_P+1","Defend_P+1","Eruption+1","Vigilance+1","WreathOfFlame+1","LessonLearned+1","EmptyFist+1","Meditate+1","EmptyBody+1","Consecrate+1","FearNoEvil+1","MentalFortress+1","Scrawl+1","Wallop+1","BowlingBash+1","Tantrum+1","FearNoEvil+1","Ghostly+1","Ghostly+1","Ghostly+1","Wireheading+1","MentalFortress+1","Meditate+1","EmptyMind+1","InnerPeace+1","MentalFortress+1","Adaptation+1"],"relics":["PureWater","Mummified Hand","Toy Ornithopter","Orichalcum","Juzu Bracelet","VioletLotus","Frozen Egg 2","Potion Belt","Eternal Feather","Smiling Mask","Philosopher\u0027s Stone","Gambling Chip","Art of War","CeramicFish","Vajra","Happy Flower"],"potions_floor_usage":[6,14,16,24,55,55],"damage_taken":[{"damage":7,"enemies":"Jaw Worm","floor":1,"turns":3},{"damage":13,"enemies":"Small Slimes","floor":2,"turns":7},{"damage":0,"enemies":"Cultist","floor":3,"turns":3},{"damage":8,"enemies":"3 Louse","floor":4,"turns":3},{"damage":11,"enemies":"3 Sentries","floor":6,"turns":6},{"damage":0,"enemies":"Large Slime","floor":8,"turns":3},{"damage":23,"enemies":"Lagavulin","floor":11,"turns":5},{"damage":0,"enemies":"Gremlin Nob","floor":14,"turns":2},{"damage":10,"enemies":"The Guardian","floor":16,"turns":11},{"damage":0,"enemies":"Spheric Guardian","floor":18,"turns":3},{"damage":9,"enemies":"3 Byrds","floor":19,"turns":5},{"damage":19,"enemies":"Book of Stabbing","floor":24,"turns":4},{"damage":2,"enemies":"Centurion and Healer","floor":25,"turns":4},{"damage":0,"enemies":"Slavers","floor":28,"turns":3},{"damage":1,"enemies":"Book of Stabbing","floor":30,"turns":4},{"damage":12,"enemies":"Snecko","floor":31,"turns":3},{"damage":0,"enemies":"Automaton","floor":33,"turns":10},{"damage":6,"enemies":"Orb Walker","floor":35,"turns":3},{"damage":3,"enemies":"Mind Bloom Boss Battle","floor":36,"turns":7},{"damage":6,"enemies":"3 Darklings","floor":38,"turns":2},{"damage":1,"enemies":"Jaw Worm Horde","floor":39,"turns":5},{"damage":0,"enemies":"Nemesis","floor":40,"turns":6},{"damage":0,"enemies":"Giant Head","floor":42,"turns":7},{"damage":0,"enemies":"Reptomancer","floor":45,"turns":5},{"damage":1,"enemies":"Spire Growth","floor":47,"turns":5},{"damage":0,"enemies":"Time Eater","floor":50,"turns":7},{"damage":0,"enemies":"Shield and Spear","floor":54,"turns":5},{"damage":1,"enemies":"The Heart","floor":55,"turns":8}],"seed_played":"-2990764186839572352","potions_obtained":[{"floor":2,"key":"SkillPotion"},{"floor":6,"key":"Dexterity Potion"},{"floor":11,"key":"AttackPotion"},{"floor":16,"key":"StancePotion"},{"floor":24,"key":"BlessingOfTheForge"},{"floor":28,"key":"Ambrosia"},{"floor":30,"key":"DuplicationPotion"},{"floor":31,"key":"Swift Potion"},{"floor":33,"key":"Regen Potion"}],"is_trial":false,"path_per_floor":["M","M","M","M","?","E","R","M","T","R","E","?","$","E","R","B",null,"M","M","$","?","$","R","E","M","T","?","E","R","E","M","R","B",null,"M","?","$","M","M","E","R","E","T","R","E","R","M","$","R","B",null,"R","$","E","B",null],"character_chosen":"WATCHER","items_purchased":["Scrawl","Tantrum","MentalFortress+1","Meditate","CultistPotion","Adaptation+1"],"campfire_rested":4,"item_purchase_floors":[13,22,37,37,37,48],"current_hp_per_floor":[54,41,41,33,55,44,44,44,44,44,21,10,10,15,35,30,59,59,50,50,44,44,44,30,28,28,28,28,34,33,21,33,33,34,28,25,25,19,18,18,33,33,33,34,34,34,33,33,34,34,34,34,34,34,33],"gold":51,"neow_bonus":"TRANSFORM_TWO_CARDS","is_prod":false,"is_daily":false,"chose_seed":false,"campfire_upgraded":6,"win_rate":0,"timestamp":1702179138,"path_taken":["M","M","M","M","?","E","R","M","T","R","E","?","$","E","R","BOSS","M","M","$","?","?","R","E","M","T","?","E","R","E","M","R","BOSS","M","?","$","M","M","E","R","E","T","R","E","R","M","$","R","BOSS","R","$","E","BOSS"],"build_version":"2022-12-18","purchased_purges":4,"victory":true,"max_hp_per_floor":[68,68,68,68,68,68,68,68,68,68,68,68,68,68,68,68,68,68,68,68,68,68,68,68,68,68,34,34,34,34,34,34,34,34,34,34,34,34,34,34,34,34,34,34,34,34,34,34,34,34,34,34,34,34,34],"card_choices":[{"not_picked":["LikeWater","EmptyBody"],"picked":"EmptyFist","floor":1},{"not_picked":["Protect","Conclude"],"picked":"Meditate","floor":2},{"not_picked":["Swivel","FlurryOfBlows"],"picked":"EmptyBody","floor":3},{"not_picked":["Prostrate","SashWhip"],"picked":"Consecrate","floor":4},{"not_picked":["ThirdEye","EmptyBody","WindmillStrike"],"picked":"SKIP","floor":6},{"not_picked":["Swivel","ConjureBlade"],"picked":"FearNoEvil","floor":8},{"not_picked":["JustLucky","Study"],"picked":"MentalFortress","floor":11},{"not_picked":["Sanctity","WreathOfFlame"],"picked":"Wallop","floor":14},{"not_picked":["Protect+1","EmptyBody"],"picked":"BowlingBash","floor":18},{"not_picked":["Protect","WreathOfFlame","Nirvana"],"picked":"SKIP","floor":19},{"not_picked":["FlyingSleeves","Prostrate"],"picked":"FearNoEvil","floor":24},{"not_picked":["Protect","Consecrate+1","Wallop"],"picked":"SKIP","floor":25},{"not_picked":["EmptyFist+1","Consecrate","BattleHymn+1"],"picked":"SKIP","floor":28},{"not_picked":["Worship+1","BowlingBash","Swivel"],"picked":"SKIP","floor":30},{"not_picked":["Evaluate","BowlingBash"],"picked":"Wireheading+1","floor":31},{"not_picked":["WindmillStrike","FlyingSleeves","Wireheading+1"],"picked":"SKIP","floor":35},{"not_picked":["ThirdEye","ForeignInfluence","ClearTheMind"],"picked":"SKIP","floor":38},{"not_picked":["ThirdEye","Protect+1"],"picked":"EmptyMind","floor":39},{"not_picked":["Judgement","Fasting2+1","FearNoEvil"],"picked":"SKIP","floor":40},{"not_picked":["PathToVictory","Collect"],"picked":"InnerPeace","floor":42},{"not_picked":["Protect+1","DeceiveReality"],"picked":"MentalFortress+1","floor":45},{"not_picked":["ThirdEye","JustLucky","Nirvana+1"],"picked":"SKIP","floor":47},{"not_picked":["Pray","ClearTheMind","EmptyBody"],"picked":"SKIP","floor":54}],"player_experience":951770,"relics_obtained":[{"floor":6,"key":"Mummified Hand"},{"floor":9,"key":"Toy Ornithopter"},{"floor":11,"key":"Orichalcum"},{"floor":14,"key":"Juzu Bracelet"},{"floor":24,"key":"Frozen Egg 2"},{"floor":26,"key":"Potion Belt"},{"floor":28,"key":"Eternal Feather"},{"floor":30,"key":"Smiling Mask"},{"floor":36,"key":"Gambling Chip"},{"floor":40,"key":"Art of War"},{"floor":42,"key":"CeramicFish"},{"floor":45,"key":"Vajra"},{"floor":54,"key":"Happy Flower"}],"event_choices":[{"damage_healed":22,"gold_gain":0,"player_choice":"Banana","damage_taken":0,"max_hp_gain":0,"max_hp_loss":0,"event_name":"Big Fish","floor":5,"gold_loss":0},{"damage_healed":0,"gold_gain":75,"player_choice":"Gather Gold","damage_taken":11,"max_hp_gain":0,"max_hp_loss":0,"event_name":"World of Goop","floor":12,"gold_loss":0},{"damage_healed":0,"gold_gain":50,"player_choice":"Touch","damage_taken":6,"max_hp_gain":0,"max_hp_loss":0,"event_name":"FaceTrader","floor":21,"gold_loss":0},{"damage_healed":0,"gold_gain":0,"player_choice":"Became a Ghost","damage_taken":0,"max_hp_gain":0,"max_hp_loss":34,"event_name":"Ghosts","floor":27,"gold_loss":0,"cards_obtained":["Ghostly","Ghostly","Ghostly"]},{"damage_healed":0,"gold_gain":0,"player_choice":"Fight","damage_taken":0,"max_hp_gain":0,"max_hp_loss":0,"event_name":"MindBloom","floor":36,"gold_loss":0}],"is_beta":false,"boss_relics":[{"not_picked":["Cursed Key","Pandora\u0027s Box"],"picked":"VioletLotus"},{"not_picked":["Tiny House","Black Star"],"picked":"Philosopher\u0027s Stone"}],"items_purged_floors":[13,20,48,53],"is_endless":false,"potions_floor_spawned":[2,6,11,16,24,28,30,31,33,35,36,45],"ascension_level":17}