{"gold_per_floor":[114,131,131,1,1,30,30,49,74,32,32,66,88,132,144,156],"floor_reached":16,"playtime":548,"items_purged":["Defend_P"],"score":224,"play_id":"d4aa7d26-9e0d-4707-b70b-5615d3fc02b0","local_time":"20231214183450","is_ascension_mode":true,"campfire_choices":[{"data":"Eruption","floor":7,"key":"SMITH"},{"floor":11,"key":"REST"},{"floor":15,"key":"REST"}],"neow_cost":"TEN_PERCENT_HP_LOSS","seed_source_timestamp":116084183554600,"circlet_count":0,"master_deck":["AscendersBane","Strike_P","Strike_P","Strike_P","Strike_P","Defend_P","Defend_P","Defend_P","Eruption+1","Vigilance","Secret Weapon","Adaptation","WheelKick","Tantrum","Halt","LessonLearned"],"relics":["PureWater","Letter Opener","Orichalcum","MawBank","Regal Pillow"],"potions_floor_usage":[16,16],"damage_taken":[{"damage":0,"enemies":"Cultist","floor":1,"turns":2},{"damage":0,"enemies":"2 Louse","floor":2,"turns":2},{"damage":36,"enemies":"Gremlin Nob","floor":6,"turns":4},{"damage":5,"enemies":"Small Slimes","floor":8,"turns":3},{"damage":12,"enemies":"Lagavulin","floor":12,"turns":3},{"damage":0,"enemies":"2 Fungi Beasts","floor":13,"turns":2},{"damage":10,"enemies":"Gremlin Nob","floor":14,"turns":3},{"damage":49,"enemies":"The Guardian","floor":16,"turns":10}],"seed_played":"-4435169326281808495","potions_obtained":[{"floor":12,"key":"DuplicationPotion"}],"is_trial":false,"path_per_floor":["M","M","T","$","?","E","R","M","T","$","R","E","M","E","R","B"],"character_chosen":"WATCHER","items_purchased":["Explosive Potion","Tantrum"],"campfire_rested":2,"item_purchase_floors":[4,10],"current_hp_per_floor":[61,61,61,61,61,25,25,20,20,20,38,26,26,16,49,0],"gold":156,"neow_bonus":"RANDOM_COLORLESS_2","is_prod":false,"is_daily":false,"chose_seed":false,"campfire_upgraded":1,"win_rate":0,"timestamp":1702607690,"path_taken":["M","M","?","$","?","E","R","M","T","$","R","E","M","E","R","BOSS"],"build_version":"2022-12-18","purchased_purges":1,"victory":false,"max_hp_per_floor":[62,62,62,62,62,62,62,62,62,62,62,62,62,62,62,62],"card_choices":[{"not_picked":["The Bomb","Mayhem"],"picked":"Secret Weapon","floor":0},{"not_picked":["SashWhip","JustLucky"],"picked":"Adaptation","floor":1},{"not_picked":["EmptyBody","Conclude","Prostrate"],"picked":"SKIP","floor":2},{"not_picked":["ThirdEye","Collect"],"picked":"WheelKick","floor":6},{"not_picked":["WindmillStrike","Wireheading","CutThroughFate"],"picked":"SKIP","floor":8},{"not_picked":["Perseverance","WindmillStrike","SashWhip"],"picked":"SKIP","floor":12},{"not_picked":["ThirdEye","Prostrate"],"picked":"Halt","floor":13},{"not_picked":["EmptyFist","DeusExMachina"],"picked":"LessonLearned","floor":14}],"player_experience":991316,"relics_obtained":[{"floor":6,"key":"Letter Opener"},{"floor":9,"key":"Orichalcum"},{"floor":12,"key":"MawBank"},{"floor":14,"key":"Regal Pillow"}],"event_choices":[{"damage_healed":0,"gold_gain":0,"player_choice":"Ignored","damage_taken":0,"max_hp_gain":0,"max_hp_loss":0,"event_name":"Liars Game","floor":5,"gold_loss":0}],"is_beta":false,"boss_relics":[],"items_purged_floors":[4],"is_endless":false,"potions_floor_spawned":[12,13,14],"killed_by":"The Guardian","ascension_level":18}