{"gold_per_floor":[111,127,33,33,108,143,143,169,169,198,216,228,248,279,279,351,351,365,384,252,252,13,13,47,47,47,47,65,65,90,90,90,163,163,180,180,191,211,111,141,156,156,156,76,90,124,39,53,53,53,53,53,53,82,82],"floor_reached":56,"playtime":2879,"items_purged":["Strike_P","Defend_P"],"score":2465,"play_id":"de1c83a6-121f-4a92-adce-901f0ac5c73d","local_time":"20231222044545","is_ascension_mode":true,"campfire_choices":[{"data":"Eruption","floor":7,"key":"SMITH"},{"data":"CrushJoints","floor":15,"key":"SMITH"},{"data":"Scrawl","floor":23,"key":"SMITH"},{"data":"Adaptation","floor":27,"key":"SMITH"},{"data":"Meditate","floor":29,"key":"SMITH"},{"floor":32,"key":"REST"},{"data":"Tantrum","floor":42,"key":"SMITH"},{"floor":49,"key":"RECALL"},{"data":"Adaptation","floor":52,"key":"SMITH"}],"neow_cost":"NONE","seed_source_timestamp":755225585211400,"circlet_count":0,"master_deck":["AscendersBane","Strike_P+1","Strike_P+1","Strike_P+1","Defend_P+1","Defend_P","Eruption+1","Vigilance+1","CrushJoints+1","Vengeance","MentalFortress+1","CarveReality","TalkToTheHand+1","EmptyFist","CutThroughFate+1","Scrawl+1","Adaptation+1","Meditate+1","EmptyMind+1","FearNoEvil+1","LessonLearned","Meditate+1","Tantrum+1","Sanctity+1","Adaptation+1","ThirdEye+1","MentalFortress"],"relics":["PureWater","PreservedInsect","Lizard Tail","Toy Ornithopter","Unceasing Top","Nunchaku","Potion Belt","VioletLotus","Sling","CloakClasp","War Paint","Bronze Scales","Coffee Dripper","Anchor","Du-Vu Doll","Lantern"],"potions_floor_usage":[10,16,16,24,30,33,45,50,55,55,55],"damage_taken":[{"damage":7,"enemies":"Jaw Worm","floor":1,"turns":5},{"damage":0,"enemies":"Small Slimes","floor":2,"turns":2},{"damage":0,"enemies":"Gremlin Nob","floor":6,"turns":2},{"damage":0,"enemies":"Lagavulin","floor":8,"turns":2},{"damage":7,"enemies":"3 Sentries","floor":10,"turns":3},{"damage":4,"enemies":"2 Louse","floor":11,"turns":2},{"damage":11,"enemies":"Exordium Thugs","floor":12,"turns":4},{"damage":0,"enemies":"Large Slime","floor":13,"turns":4},{"damage":0,"enemies":"Gremlin Nob","floor":14,"turns":2},{"damage":26,"enemies":"Hexaghost","floor":16,"turns":10},{"damage":17,"enemies":"Spheric Guardian","floor":18,"turns":3},{"damage":3,"enemies":"2 Thieves","floor":19,"turns":2},{"damage":21,"enemies":"Slavers","floor":24,"turns":4},{"damage":6,"enemies":"Cultist and Chosen","floor":28,"turns":4},{"damage":9,"enemies":"Gremlin Leader","floor":30,"turns":3},{"damage":6,"enemies":"Collector","floor":33,"turns":8},{"damage":5,"enemies":"Orb Walker","floor":35,"turns":2},{"damage":9,"enemies":"3 Shapes","floor":37,"turns":5},{"damage":0,"enemies":"Transient","floor":38,"turns":6},{"damage":4,"enemies":"Reptomancer","floor":40,"turns":4},{"damage":14,"enemies":"Jaw Worm Horde","floor":41,"turns":3},{"damage":12,"enemies":"3 Darklings","floor":45,"turns":3},{"damage":0,"enemies":"Giant Head","floor":46,"turns":4},{"damage":6,"enemies":"Transient","floor":48,"turns":6},{"damage":0,"enemies":"Awakened One","floor":50,"turns":6},{"damage":0,"enemies":"Shield and Spear","floor":54,"turns":5},{"damage":84,"enemies":"The Heart","floor":55,"turns":9}],"seed_played":"-714048856768145843","potions_obtained":[{"floor":8,"key":"ColorlessPotion"},{"floor":11,"key":"FearPotion"},{"floor":13,"key":"BottledMiracle"},{"floor":16,"key":"Fire Potion"},{"floor":18,"key":"LiquidBronze"},{"floor":24,"key":"Regen Potion"},{"floor":30,"key":"PowerPotion"},{"floor":37,"key":"Energy Potion"},{"floor":40,"key":"PowerPotion"},{"floor":46,"key":"SteroidPotion"},{"floor":48,"key":"Swift Potion"}],"is_trial":false,"path_per_floor":["M","M","$","?","?","E","R","E","T","E","M","M","M","E","R","B",null,"M","M","$","?","$","R","E","?","T","R","M","R","E","$","R","B",null,"M","?","M","M","$","E","M","R","T","$","M","E","$","M","R","B",null,"R","$","E","B",null],"character_chosen":"WATCHER","items_purchased":["MentalFortress","Fire Potion","SteroidPotion","Sling","EmptyMind","Adaptation","DuplicationPotion"],"campfire_rested":1,"item_purchase_floors":[3,3,20,22,22,44,47],"current_hp_per_floor":[54,54,54,47,36,36,36,36,36,34,30,19,19,19,19,3,52,35,32,32,32,32,32,16,16,16,16,10,10,15,15,35,34,60,55,55,46,46,46,42,28,28,28,28,21,21,21,15,15,20,56,56,56,56,21],"gold":82,"neow_bonus":"RANDOM_COMMON_RELIC","is_prod":false,"is_daily":false,"chose_seed":false,"campfire_upgraded":7,"win_rate":0,"timestamp":1703249145,"path_taken":["M","M","$","?","?","E","R","E","T","E","M","M","M","E","R","BOSS","M","M","$","?","$","R","E","?","T","R","M","R","E","?","R","BOSS","M","?","M","M","$","E","M","R","T","$","M","E","$","M","R","BOSS","R","$","E","BOSS"],"build_version":"2022-12-18","purchased_purges":2,"victory":true,"max_hp_per_floor":[68,68,68,68,68,68,68,68,68,68,68,68,68,68,68,68,68,68,68,68,68,68,68,68,68,68,68,68,68,68,68,68,68,68,68,68,68,68,68,68,68,68,68,68,68,68,68,68,68,68,68,68,68,68,68],"card_choices":[{"not_picked":["SashWhip","PathToVictory"],"picked":"CrushJoints","floor":1},{"not_picked":["PathToVictory","Indignation"],"picked":"Vengeance","floor":2},{"not_picked":["WreathOfFlame","WaveOfTheHand"],"picked":"CarveReality","floor":6},{"not_picked":["FlyingSleeves","CutThroughFate"],"picked":"TalkToTheHand","floor":8},{"not_picked":["Consecrate","FollowUp"],"picked":"EmptyFist","floor":10},{"not_picked":["Prostrate","Blasphemy","ClearTheMind"],"picked":"SKIP","floor":11},{"not_picked":["ForeignInfluence","LikeWater","Weave"],"picked":"SKIP","floor":12},{"not_picked":["Perseverance","Protect"],"picked":"CutThroughFate","floor":13},{"not_picked":["MasterReality","Establishment","EmptyFist"],"picked":"SKIP","floor":14},{"not_picked":["MasterReality","DevaForm"],"picked":"Scrawl","floor":16},{"not_picked":["Perseverance","JustLucky"],"picked":"Adaptation","floor":18},{"not_picked":["Crescendo","FollowUp","CrushJoints+1"],"picked":"SKIP","floor":19},{"not_picked":["ClearTheMind","Pray","BattleHymn+1"],"picked":"SKIP","floor":24},{"not_picked":["Sanctity","Indignation"],"picked":"FearNoEvil","floor":28},{"not_picked":["FollowUp","Ragnarok","Conclude"],"picked":"SKIP","floor":30},{"not_picked":["Brilliance","Establishment"],"picked":"LessonLearned","floor":33},{"not_picked":["FollowUp","FlyingSleeves+1"],"picked":"Meditate","floor":35},{"not_picked":["EmptyBody","Evaluate","SashWhip"],"picked":"SKIP","floor":37},{"not_picked":["FollowUp+1","ThirdEye","Wireheading"],"picked":"SKIP","floor":38},{"not_picked":["Prostrate","Crescendo"],"picked":"Tantrum","floor":40},{"not_picked":["PathToVictory","MasterReality"],"picked":"Sanctity+1","floor":41},{"not_picked":["Indignation","DeceiveReality"],"picked":"ThirdEye+1","floor":45},{"not_picked":["ReachHeaven","WindmillStrike"],"picked":"MentalFortress","floor":46},{"not_picked":["Study","DeceiveReality+1","BowlingBash"],"picked":"SKIP","floor":48},{"not_picked":["FollowUp","Evaluate","SpiritShield"],"picked":"SKIP","floor":54}],"player_experience":1045817,"relics_obtained":[{"floor":6,"key":"Lizard Tail"},{"floor":8,"key":"Toy Ornithopter"},{"floor":9,"key":"Unceasing Top"},{"floor":10,"key":"Nunchaku"},{"floor":14,"key":"Potion Belt"},{"floor":24,"key":"CloakClasp"},{"floor":26,"key":"War Paint"},{"floor":30,"key":"Bronze Scales"},{"floor":40,"key":"Anchor"},{"floor":46,"key":"Du-Vu Doll"},{"floor":54,"key":"Lantern"}],"event_choices":[{"cards_removed":["Defend_P"],"damage_healed":0,"gold_gain":0,"player_choice":"Card Removal","damage_taken":7,"max_hp_gain":0,"max_hp_loss":0,"event_name":"Golden Wing","floor":4,"gold_loss":0},{"damage_healed":0,"gold_gain":75,"player_choice":"Gather Gold","damage_taken":11,"max_hp_gain":0,"max_hp_loss":0,"event_name":"World of Goop","floor":5,"gold_loss":0},{"damage_healed":0,"gold_gain":0,"player_choice":"Read","damage_taken":0,"max_hp_gain":0,"max_hp_loss":0,"event_name":"The Library","floor":21,"gold_loss":0,"cards_obtained":["Meditate"]},{"damage_healed":0,"gold_gain":0,"player_choice":"Ignored","damage_taken":0,"max_hp_gain":0,"max_hp_loss":0,"event_name":"The Mausoleum","floor":25,"gold_loss":0},{"damage_healed":0,"gold_gain":0,"player_choice":"Forge","damage_taken":0,"max_hp_gain":0,"max_hp_loss":0,"event_name":"Accursed Blacksmith","floor":36,"gold_loss":0,"cards_upgraded":["MentalFortress"]}],"is_beta":false,"boss_relics":[{"not_picked":["SacredBark","Astrolabe"],"picked":"VioletLotus"},{"not_picked":["Cursed Key","Sozu"],"picked":"Coffee Dripper"}],"items_purged_floors":[20,39],"is_endless":false,"potions_floor_spawned":[8,11,13,16,18,24,30,37,40,46,48],"ascension_level":19}