{"gold_per_floor":[119,130,55,69,89,89,120,120,145,174,174,185,219,229,229,307,307,317,95,95,105,120,120,152,152],"floor_reached":25,"playtime":921,"items_purged":["Defend_P","Defend_P"],"score":571,"play_id":"3617a2ac-9b15-44fe-be58-b2f8d7e5e4b8","local_time":"20231222034448","is_ascension_mode":true,"campfire_choices":[{"data":"Eruption","floor":6,"key":"SMITH"},{"data":"CrushJoints","floor":8,"key":"SMITH"},{"data":"EmptyMind","floor":11,"key":"SMITH"},{"data":"Vigilance","floor":15,"key":"SMITH"},{"data":"Prostrate","floor":23,"key":"SMITH"}],"neow_cost":"NONE","seed_source_timestamp":753543159681100,"circlet_count":0,"master_deck":["AscendersBane","Strike_P","Strike_P+1","Strike_P","Strike_P","Defend_P","Defend_P","Eruption+1","Vigilance+1","EmptyMind+1","FlurryOfBlows+1","CutThroughFate","CrushJoints+1","FlurryOfBlows","DeusExMachina","Omniscience","Prostrate","InnerPeace","Prostrate+1","Wallop"],"relics":["HolyWater","Ancient Tea Set","Oddly Smooth Stone","Smiling Mask","Toy Ornithopter","Damaru","Nloth\u0027s Gift","Bird Faced Urn"],"potions_floor_usage":[7,7,14,25],"damage_taken":[{"damage":4,"enemies":"2 Louse","floor":1,"turns":2},{"damage":0,"enemies":"Cultist","floor":2,"turns":3},{"damage":8,"enemies":"Small Slimes","floor":4,"turns":3},{"damage":3,"enemies":"Blue Slaver","floor":5,"turns":2},{"damage":0,"enemies":"Gremlin Nob","floor":7,"turns":2},{"damage":1,"enemies":"3 Sentries","floor":10,"turns":4},{"damage":2,"enemies":"Red Slaver","floor":12,"turns":2},{"damage":0,"enemies":"Gremlin Nob","floor":13,"turns":2},{"damage":0,"enemies":"Exordium Thugs","floor":14,"turns":1},{"damage":36,"enemies":"Hexaghost","floor":16,"turns":7},{"damage":0,"enemies":"3 Byrds","floor":18,"turns":3},{"damage":0,"enemies":"2 Thieves","floor":21,"turns":4},{"damage":22,"enemies":"Centurion and Healer","floor":22,"turns":5},{"damage":21,"enemies":"Book of Stabbing","floor":24,"turns":4},{"damage":23,"enemies":"Sentry and Sphere","floor":25,"turns":3}],"seed_played":"3277352840573073966","potions_obtained":[{"floor":1,"key":"StancePotion"},{"floor":4,"key":"Swift Potion"},{"floor":10,"key":"GamblersBrew"},{"floor":12,"key":"DistilledChaos"},{"floor":21,"key":"Dexterity Potion"},{"floor":22,"key":"Explosive Potion"}],"is_trial":false,"path_per_floor":["M","M","$","M","M","R","E","R","T","E","R","M","E","M","R","B",null,"M","$","?","M","M","R","E","M"],"character_chosen":"WATCHER","items_purchased":["Damaru"],"campfire_rested":0,"item_purchase_floors":[19],"current_hp_per_floor":[57,57,57,49,46,46,46,46,46,45,45,43,43,48,48,12,54,54,54,54,54,32,32,11,0],"gold":152,"neow_bonus":"RANDOM_COMMON_RELIC","is_prod":false,"is_daily":false,"chose_seed":false,"campfire_upgraded":5,"win_rate":0,"timestamp":1703245488,"path_taken":["M","M","$","M","M","R","E","R","T","E","R","M","E","M","R","BOSS","M","$","?","M","M","R","E","M"],"build_version":"2022-12-18","purchased_purges":2,"victory":false,"max_hp_per_floor":[68,68,68,68,68,68,68,68,68,68,68,68,68,68,68,68,68,68,68,68,68,68,68,68,68],"card_choices":[{"not_picked":["ReachHeaven","Evaluate"],"picked":"EmptyMind","floor":1},{"not_picked":["Consecrate","Perseverance"],"picked":"FlurryOfBlows","floor":2},{"not_picked":["FlurryOfBlows","JustLucky"],"picked":"CutThroughFate","floor":4},{"not_picked":["PathToVictory","EmptyFist"],"picked":"CrushJoints","floor":5},{"not_picked":["LikeWater","Crescendo"],"picked":"FlurryOfBlows","floor":7},{"not_picked":["Sanctity","EmptyBody"],"picked":"DeusExMachina","floor":10},{"not_picked":["Halt","Study","PathToVictory"],"picked":"SKIP","floor":12},{"not_picked":["PathToVictory","BattleHymn","Evaluate"],"picked":"SKIP","floor":13},{"not_picked":["FlyingSleeves","Wish","CrushJoints"],"picked":"SKIP","floor":14},{"not_picked":["DevaForm","MasterReality"],"picked":"Omniscience","floor":16},{"not_picked":["Crescendo","WindmillStrike+1"],"picked":"Prostrate","floor":18},{"not_picked":["Vault","FollowUp"],"picked":"InnerPeace","floor":21},{"not_picked":["DeusExMachina","Conclude"],"picked":"Prostrate","floor":22},{"not_picked":["CutThroughFate","Consecrate"],"picked":"Wallop","floor":24}],"player_experience":1044896,"relics_obtained":[{"floor":7,"key":"Oddly Smooth Stone"},{"floor":9,"key":"Smiling Mask"},{"floor":10,"key":"Toy Ornithopter"},{"floor":13,"key":"Whetstone"},{"floor":24,"key":"Bird Faced Urn"}],"event_choices":[{"damage_healed":0,"gold_gain":0,"player_choice":"Traded Relic","damage_taken":0,"relics_obtained":["Nloth\u0027s Gift"],"max_hp_gain":0,"max_hp_loss":0,"event_name":"N\u0027loth","floor":20,"relics_lost":["Whetstone"],"gold_loss":0}],"is_beta":false,"boss_relics":[{"not_picked":["Black Star","SlaversCollar"],"picked":"HolyWater"}],"items_purged_floors":[3,19],"is_endless":false,"potions_floor_spawned":[1,4,5,10,12,21,22],"killed_by":"Sentry and Sphere","ascension_level":19}