{"gold_per_floor":[117,135,154,53,72,72,100,100,169,169,93,119,138,156,156,229,229,247,265,284,294,27,52,71,99,99,124,124,159,159,34,34,110,110,127,127,137,137,156,187,187,214,214,248,272,102,137,137,137,137,137,137,22,48,48],"floor_reached":55,"playtime":2277,"items_purged":["Defend_P","Defend_P","Strike_P","Conclude"],"score":1901,"play_id":"26b11cd7-7e75-430c-80c9-c6dc39debd3f","local_time":"20231222032918","is_ascension_mode":true,"campfire_choices":[{"data":"Eruption","floor":6,"key":"SMITH"},{"data":"Consecrate","floor":8,"key":"SMITH"},{"data":"Meditate","floor":15,"key":"SMITH"},{"floor":32,"key":"REST"},{"floor":41,"key":"RECALL"},{"floor":49,"key":"REST"},{"floor":52,"key":"REST"}],"neow_cost":"NONE","seed_source_timestamp":751255907580000,"circlet_count":0,"master_deck":["AscendersBane","Strike_P+1","Strike_P+1","Defend_P+1","Defend_P+1","Eruption+1","Vigilance+1","FearNoEvil+1","Consecrate+1","CutThroughFate","BowlingBash","FlurryOfBlows+1","Adaptation+1","Meditate+1","LessonLearned+1","Tantrum","Judgement+1","Wallop+1","InnerPeace+1","InnerPeace+1","Adaptation+1","Wallop+1","Scrawl","CrushJoints+1","Fasting2+1","TalkToTheHand+1","Vault+1","Meditate+1","TalkToTheHand","TalkToTheHand"],"relics":["PureWater","Ice Cream","Question Card","Oddly Smooth Stone","Toy Ornithopter","Fusion Hammer","PreservedInsect","MealTicket","Letter Opener","TeardropLocket","Blood Vial","Frozen Egg 2","Philosopher\u0027s Stone","Damaru","Blue Candle","MawBank","Membership Card","Mummified Hand","War Paint"],"potions_floor_usage":[24,40,50,54,55],"damage_taken":[{"damage":0,"enemies":"Jaw Worm","floor":1,"turns":5},{"damage":3,"enemies":"2 Louse","floor":2,"turns":3},{"damage":2,"enemies":"Cultist","floor":3,"turns":4},{"damage":0,"enemies":"Large Slime","floor":5,"turns":3},{"damage":0,"enemies":"3 Sentries","floor":7,"turns":2},{"damage":0,"enemies":"Lagavulin","floor":12,"turns":4},{"damage":0,"enemies":"Lots of Slimes","floor":13,"turns":3},{"damage":0,"enemies":"3 Louse","floor":14,"turns":3},{"damage":24,"enemies":"Hexaghost","floor":16,"turns":5},{"damage":0,"enemies":"Chosen","floor":18,"turns":2},{"damage":0,"enemies":"Spheric Guardian","floor":19,"turns":1},{"damage":0,"enemies":"Snecko","floor":20,"turns":4},{"damage":0,"enemies":"Snake Plant","floor":21,"turns":3},{"damage":0,"enemies":"Gremlin Leader","floor":23,"turns":3},{"damage":18,"enemies":"Centurion and Healer","floor":24,"turns":3},{"damage":38,"enemies":"Book of Stabbing","floor":25,"turns":3},{"damage":0,"enemies":"Gremlin Leader","floor":27,"turns":3},{"damage":14,"enemies":"Book of Stabbing","floor":29,"turns":3},{"damage":10,"enemies":"Collector","floor":33,"turns":9},{"damage":0,"enemies":"Orb Walker","floor":35,"turns":2},{"damage":1,"enemies":"3 Shapes","floor":37,"turns":4},{"damage":0,"enemies":"Spire Growth","floor":39,"turns":2},{"damage":0,"enemies":"Giant Head","floor":40,"turns":2},{"damage":3,"enemies":"Reptomancer","floor":42,"turns":3},{"damage":4,"enemies":"Giant Head","floor":44,"turns":3},{"damage":0,"enemies":"Maw","floor":45,"turns":5},{"damage":0,"enemies":"Nemesis","floor":47,"turns":2},{"damage":41,"enemies":"Donu and Deca","floor":50,"turns":7},{"damage":60,"enemies":"Shield and Spear","floor":54,"turns":3},{"damage":55,"enemies":"The Heart","floor":55,"turns":2}],"seed_played":"7691826287269625787","potions_obtained":[{"floor":1,"key":"Energy Potion"},{"floor":2,"key":"Swift Potion"},{"floor":18,"key":"AttackPotion"},{"floor":25,"key":"Explosive Potion"},{"floor":29,"key":"StancePotion"},{"floor":42,"key":"ColorlessPotion"},{"floor":54,"key":"LiquidMemories"}],"is_trial":false,"path_per_floor":["M","M","M","$","M","R","E","R","T","?","$","E","M","M","R","B",null,"M","M","M","M","$","E","M","E","T","E","?","E","?","$","R","B",null,"M","$","M","$","M","E","R","E","T","E","M","$","E","?","R","B",null,"R","$","E","B"],"character_chosen":"WATCHER","items_purchased":["BowlingBash","Adaptation","PreservedInsect","Membership Card","TalkToTheHand","TalkToTheHand"],"campfire_rested":3,"item_purchase_floors":[4,11,22,46,46,53],"current_hp_per_floor":[67,64,62,62,62,62,62,62,62,57,57,57,57,57,57,33,64,64,64,64,64,64,64,51,13,13,13,13,1,1,16,38,30,63,65,74,73,74,74,74,74,71,71,69,71,74,74,74,74,38,65,74,74,16,0],"gold":48,"neow_bonus":"TEN_PERCENT_HP_BONUS","is_prod":false,"is_daily":false,"chose_seed":false,"campfire_upgraded":3,"win_rate":0,"timestamp":1703244558,"path_taken":["M","M","M","$","M","R","E","R","T","?","$","E","M","M","R","BOSS","M","M","M","M","$","E","M","E","T","E","?","E","?","$","R","BOSS","M","?","M","$","M","E","R","E","T","E","M","$","E","?","R","BOSS","R","$","E","BOSS"],"build_version":"2022-12-18","purchased_purges":4,"victory":false,"max_hp_per_floor":[74,74,74,74,74,74,74,74,74,74,74,74,74,74,74,74,74,74,74,74,74,74,74,74,74,74,74,74,74,74,74,74,74,74,74,74,74,74,74,74,74,74,74,74,74,74,74,74,74,74,74,74,74,74,74],"card_choices":[{"not_picked":["TalkToTheHand","Prostrate"],"picked":"FearNoEvil","floor":1},{"not_picked":["ClearTheMind","Prostrate"],"picked":"Consecrate","floor":2},{"not_picked":["ConjureBlade","FlyingSleeves"],"picked":"CutThroughFate","floor":3},{"not_picked":["JustLucky","Halt","BattleHymn"],"picked":"SKIP","floor":5},{"not_picked":["JustLucky","Halt","BattleHymn"],"picked":"SKIP","floor":5},{"not_picked":["SashWhip","JustLucky"],"picked":"FlurryOfBlows","floor":7},{"not_picked":["ThirdEye","FollowUp","Study"],"picked":"Meditate","floor":12},{"not_picked":["ClearTheMind","Evaluate","Protect"],"picked":"LessonLearned","floor":13},{"not_picked":["BowlingBash","Prostrate","Protect"],"picked":"Tantrum","floor":14},{"not_picked":["SpiritShield","Ragnarok","Devotion"],"picked":"Judgement","floor":16},{"not_picked":["Consecrate","Nirvana","WheelKick"],"picked":"Wallop+1","floor":18},{"not_picked":["ClearTheMind","PathToVictory","CarveReality"],"picked":"InnerPeace","floor":19},{"not_picked":["Wireheading","FlurryOfBlows","EmptyBody","ClearTheMind"],"picked":"SKIP","floor":20},{"not_picked":["Wish","Study","ClearTheMind","FollowUp+1"],"picked":"SKIP","floor":21},{"not_picked":["JustLucky","Protect","EmptyFist"],"picked":"InnerPeace","floor":23},{"not_picked":["Prostrate","Perseverance","FlyingSleeves","ClearTheMind"],"picked":"SKIP","floor":24},{"not_picked":["Nirvana","FearNoEvil","WreathOfFlame","BattleHymn"],"picked":"SKIP","floor":25},{"not_picked":["CrushJoints","Establishment","EmptyMind"],"picked":"Adaptation+1","floor":27},{"not_picked":["Tantrum","Perseverance+1","BowlingBash+1","FlurryOfBlows+1"],"picked":"SKIP","floor":29},{"not_picked":["Vault","Wish","Devotion+1"],"picked":"Scrawl","floor":33},{"not_picked":["WheelKick","EmptyFist","SashWhip"],"picked":"CrushJoints+1","floor":35},{"not_picked":["Collect","CarveReality","Consecrate","Crescendo"],"picked":"SKIP","floor":37},{"not_picked":["WaveOfTheHand+1","FlyingSleeves","Perseverance+1"],"picked":"Fasting2+1","floor":39},{"not_picked":["Consecrate","Tantrum","Conclude","FollowUp"],"picked":"SKIP","floor":40},{"not_picked":["FlyingSleeves","CutThroughFate","Halt"],"picked":"TalkToTheHand","floor":42},{"not_picked":["ThirdEye","Halt","SignatureMove"],"picked":"Vault","floor":44},{"not_picked":["Crescendo","Evaluate","BowlingBash+1"],"picked":"Meditate","floor":45},{"not_picked":["EmptyBody","Wallop","ThirdEye","FlyingSleeves"],"picked":"SKIP","floor":47},{"not_picked":["ReachHeaven+1","SignatureMove+1","Crescendo","WheelKick"],"picked":"SKIP","floor":54}],"player_experience":1042619,"relics_obtained":[{"floor":7,"key":"Ice Cream"},{"floor":9,"key":"Question Card"},{"floor":12,"key":"Toy Ornithopter"},{"floor":23,"key":"MealTicket"},{"floor":25,"key":"Letter Opener"},{"floor":26,"key":"TeardropLocket"},{"floor":27,"key":"Blood Vial"},{"floor":29,"key":"Frozen Egg 2"},{"floor":40,"key":"Damaru"},{"floor":42,"key":"Blue Candle"},{"floor":44,"key":"MawBank"},{"floor":47,"key":"Mummified Hand"},{"floor":54,"key":"War Paint"}],"event_choices":[{"damage_healed":0,"gold_gain":0,"player_choice":"Success","damage_taken":5,"relics_obtained":["Oddly Smooth Stone"],"max_hp_gain":0,"max_hp_loss":0,"event_name":"Scrap Ooze","floor":10,"gold_loss":0},{"damage_healed":0,"gold_gain":0,"player_choice":"Ignored","damage_taken":0,"max_hp_gain":0,"max_hp_loss":0,"event_name":"The Mausoleum","floor":28,"gold_loss":0},{"damage_healed":0,"gold_gain":0,"player_choice":"Copied","damage_taken":0,"max_hp_gain":0,"max_hp_loss":0,"event_name":"Duplicator","floor":30,"gold_loss":0,"cards_obtained":["Wallop"]},{"damage_healed":0,"gold_gain":0,"cards_transformed":["Strike_P"],"player_choice":"Transformed","damage_taken":0,"max_hp_gain":0,"max_hp_loss":0,"event_name":"Transmorgrifier","floor":48,"gold_loss":0,"cards_obtained":["Conclude"]}],"is_beta":false,"boss_relics":[{"not_picked":["Snecko Eye","Tiny House"],"picked":"Fusion Hammer"},{"not_picked":["Velvet Choker","Calling Bell"],"picked":"Philosopher\u0027s Stone"}],"items_purged_floors":[4,22,31,53],"is_endless":false,"potions_floor_spawned":[1,2,3,13,14,18,21,25,29,33,35,42,45,54],"killed_by":"The Heart","ascension_level":19}