{"gold_per_floor":[113,113,128,139,139,151,191,213,225,162,162,19,38,58,58,154,154,164,181,81,92,92,118,118,118,145,145,155,189,189,206,206,307,307,326,336,114,114,131,131,144,144,171,183,183,232,282,312,312,312],"floor_reached":51,"playtime":1304,"items_purged":["Defend_P","Defend_P","Strike_P"],"score":992,"play_id":"7670627a-ae50-470d-8849-d5e356e5452b","local_time":"20240102021734","is_ascension_mode":false,"campfire_choices":[{"data":"Eruption","floor":6,"key":"SMITH"},{"data":"Strike_P","floor":11,"key":"SMITH"},{"data":"Strike_P","floor":15,"key":"SMITH"},{"data":"Vigilance","floor":24,"key":"SMITH"},{"floor":32,"key":"REST"},{"data":"RitualDagger","floor":40,"key":"SMITH"},{"floor":45,"key":"REST"},{"floor":49,"key":"REST"}],"neow_cost":"NONE","seed_source_timestamp":1698384648727200,"circlet_count":0,"master_deck":["Strike_P+1","Strike_P+1","Eruption+1","Vigilance+1","RitualDagger+1","TalkToTheHand+1"],"relics":["PureWater","MawBank","Torii","TeardropLocket","Medical Kit","Empty Cage","Lantern","Kunai","MutagenicStrength","SacredBark","Ancient Tea Set","Prayer Wheel","Shovel","TungstenRod"],"potions_floor_usage":[7,16,16,23,33,33,50],"damage_taken":[{"damage":4,"enemies":"Small Slimes","floor":1,"turns":6},{"damage":0,"enemies":"2 Louse","floor":3,"turns":3},{"damage":0,"enemies":"Cultist","floor":4,"turns":4},{"damage":0,"enemies":"Gremlin Nob","floor":7,"turns":2},{"damage":2,"enemies":"Large Slime","floor":8,"turns":5},{"damage":0,"enemies":"2 Fungi Beasts","floor":13,"turns":1},{"damage":9,"enemies":"Red Slaver","floor":14,"turns":6},{"damage":0,"enemies":"Slime Boss","floor":16,"turns":5},{"damage":5,"enemies":"3 Byrds","floor":18,"turns":4},{"damage":1,"enemies":"Chosen","floor":19,"turns":3},{"damage":13,"enemies":"Snake Plant","floor":21,"turns":2},{"damage":0,"enemies":"Gremlin Leader","floor":23,"turns":4},{"damage":0,"enemies":"Centurion and Healer","floor":28,"turns":3},{"damage":30,"enemies":"Book of Stabbing","floor":29,"turns":3},{"damage":0,"enemies":"3 Cultists","floor":31,"turns":2},{"damage":45,"enemies":"Champ","floor":33,"turns":10},{"damage":0,"enemies":"Orb Walker","floor":35,"turns":2},{"damage":0,"enemies":"3 Shapes","floor":36,"turns":2},{"damage":1,"enemies":"Spire Growth","floor":39,"turns":3},{"damage":0,"enemies":"Sphere and 2 Shapes","floor":41,"turns":3},{"damage":13,"enemies":"Maw","floor":44,"turns":6},{"damage":6,"enemies":"2 Orb Walkers","floor":46,"turns":3},{"damage":0,"enemies":"Mind Bloom Boss Battle","floor":47,"turns":1},{"damage":21,"enemies":"Giant Head","floor":48,"turns":8},{"damage":25,"enemies":"Time Eater","floor":50,"turns":7}],"seed_played":"-4518403128850071994","potions_obtained":[{"floor":3,"key":"DistilledChaos"},{"floor":4,"key":"BlessingOfTheForge"},{"floor":13,"key":"SneckoOil"},{"floor":16,"key":"Fruit Juice"},{"floor":18,"key":"Energy Potion"},{"floor":22,"key":"PowerPotion"},{"floor":22,"key":"Ambrosia"},{"floor":28,"key":"Energy Potion"},{"floor":31,"key":"AttackPotion"},{"floor":39,"key":"LiquidMemories"},{"floor":44,"key":"StancePotion"}],"is_trial":false,"path_per_floor":["M","?","M","M","?","R","E","M","T","$","R","$","M","M","R","B",null,"M","M","$","M","?","E","R","$","T","?","M","E","?","M","R","B",null,"M","M","$","?","M","R","M","$","T","M","R","?","?","E","R","B",null],"character_chosen":"WATCHER","items_purchased":["Medical Kit","CultistPotion"],"campfire_rested":3,"item_purchase_floors":[12,37],"current_hp_per_floor":[75,75,75,75,68,68,68,66,66,66,66,66,66,57,57,62,84,79,78,78,65,65,65,65,65,65,59,59,29,29,29,54,9,84,84,84,84,84,83,83,83,83,83,70,84,78,78,57,82,57],"gold":312,"neow_bonus":"TEN_PERCENT_HP_BONUS","is_prod":false,"is_daily":false,"chose_seed":false,"campfire_upgraded":5,"win_rate":0,"timestamp":1704190654,"path_taken":["M","?","M","M","?","R","E","M","T","$","R","$","M","M","R","BOSS","M","M","$","M","?","E","R","?","T","?","M","E","?","M","R","BOSS","M","M","$","?","M","R","?","$","T","M","R","?","?","E","R","BOSS"],"build_version":"2022-12-18","purchased_purges":3,"victory":true,"max_hp_per_floor":[79,79,79,79,79,79,79,79,79,79,79,79,79,79,79,84,84,84,84,84,84,84,84,84,84,84,84,84,84,84,84,84,84,84,84,84,84,84,84,84,84,84,84,84,84,84,84,84,84,84],"card_choices":[{"not_picked":["JustLucky","Consecrate","Meditate"],"picked":"SKIP","floor":1},{"not_picked":["Evaluate","Prostrate","ClearTheMind"],"picked":"SKIP","floor":3},{"not_picked":["EmptyBody","CrushJoints","Wireheading"],"picked":"SKIP","floor":4},{"not_picked":["Establishment","Scrawl","Wireheading"],"picked":"SKIP","floor":7},{"not_picked":["JustLucky","TalkToTheHand","EmptyMind"],"picked":"SKIP","floor":8},{"not_picked":["WindmillStrike","ThirdEye","FollowUp"],"picked":"SKIP","floor":13},{"not_picked":["BattleHymn","CutThroughFate","Sanctity"],"picked":"SKIP","floor":14},{"not_picked":["PathToVictory+1","Crescendo","BattleHymn+1"],"picked":"SKIP","floor":18},{"not_picked":["Prostrate+1","Collect+1","EmptyBody"],"picked":"SKIP","floor":19},{"not_picked":["BowlingBash+1","SashWhip","Conclude"],"picked":"SKIP","floor":21},{"not_picked":["CutThroughFate","JustLucky","Vengeance"],"picked":"SKIP","floor":23},{"not_picked":["CarveReality+1","LikeWater","CutThroughFate"],"picked":"SKIP","floor":28},{"not_picked":["Evaluate","Study+1"],"picked":"TalkToTheHand+1","floor":29},{"not_picked":["LikeWater","SpiritShield","Protect"],"picked":"SKIP","floor":31},{"not_picked":["BowlingBash","SashWhip+1","Protect+1"],"picked":"SKIP","floor":35},{"not_picked":["Nirvana","FollowUp+1","ClearTheMind+1"],"picked":"SKIP","floor":36},{"not_picked":["ReachHeaven","Conclude+1","Study+1"],"picked":"SKIP","floor":39},{"not_picked":["FollowUp","Brilliance","Protect"],"picked":"SKIP","floor":41},{"not_picked":["CrushJoints+1","JustLucky+1","InnerPeace"],"picked":"SKIP","floor":44},{"not_picked":["FollowUp+1","Conclude","Weave+1"],"picked":"SKIP","floor":48}],"player_experience":1165898,"relics_obtained":[{"floor":7,"key":"Torii"},{"floor":9,"key":"TeardropLocket"},{"floor":23,"key":"Lantern"},{"floor":29,"key":"Kunai"},{"floor":43,"key":"Ancient Tea Set"},{"floor":46,"key":"Prayer Wheel"},{"floor":47,"key":"Shovel"},{"floor":48,"key":"TungstenRod"}],"event_choices":[{"cards_removed":["Defend_P"],"damage_healed":0,"gold_gain":0,"player_choice":"Forget","damage_taken":0,"max_hp_gain":0,"max_hp_loss":0,"event_name":"Living Wall","floor":2,"gold_loss":0},{"damage_healed":0,"gold_gain":0,"player_choice":"Success","damage_taken":7,"relics_obtained":["MawBank"],"max_hp_gain":0,"max_hp_loss":0,"event_name":"Scrap Ooze","floor":5,"gold_loss":0},{"damage_healed":0,"gold_gain":0,"player_choice":"Got Potions","damage_taken":0,"max_hp_gain":0,"max_hp_loss":0,"event_name":"Lab","floor":22,"gold_loss":0},{"damage_healed":0,"gold_gain":0,"player_choice":"Joined the Cult","damage_taken":6,"max_hp_gain":0,"max_hp_loss":0,"event_name":"Nest","floor":27,"gold_loss":0,"cards_obtained":["RitualDagger"]},{"damage_healed":0,"gold_gain":0,"player_choice":"Inject Mutagens","damage_taken":0,"relics_obtained":["MutagenicStrength"],"max_hp_gain":0,"max_hp_loss":0,"event_name":"Drug Dealer","floor":30,"gold_loss":0},{"damage_healed":0,"gold_gain":0,"player_choice":"0 cards matched","damage_taken":0,"max_hp_gain":0,"max_hp_loss":0,"event_name":"Match and Keep!","floor":38,"gold_loss":0,"cards_obtained":[]},{"damage_healed":0,"gold_gain":0,"player_choice":"Fight","damage_taken":0,"max_hp_gain":0,"max_hp_loss":0,"event_name":"Mysterious Sphere","floor":46,"gold_loss":0},{"damage_healed":0,"gold_gain":0,"player_choice":"Fight","damage_taken":0,"max_hp_gain":0,"max_hp_loss":0,"event_name":"MindBloom","floor":47,"gold_loss":0}],"is_beta":false,"boss_relics":[{"not_picked":["Coffee Dripper","Runic Dome"],"picked":"Empty Cage"},{"not_picked":["Runic Pyramid","Calling Bell"],"picked":"SacredBark"}],"items_purged_floors":[10,20,37],"is_endless":false,"potions_floor_spawned":[3,4,13,16,18,28,29,31,39,41,44,47],"ascension_level":0}