{"gold_per_floor":[113,113,130,130,148,180,180,208,276,307,307,307,307,323,323,420,420,437,437,450,468,357,385,385,420,420,430,449,449,464,364,364,462,462,480,480,497,512,387,417,428,460,460,471,500,513,363,412,412,412,412,412,93,118,118],"floor_reached":56,"playtime":2071,"items_purged":["Strike_P","WaveOfTheHand","Strike_P+1","Strike_P+1","Vigilance+1"],"score":1654,"play_id":"5b64281f-cd2c-4ed1-9a2f-f71f393aa5ad","local_time":"20240102030246","is_ascension_mode":true,"campfire_choices":[{"data":"Eruption","floor":7.0,"key":"SMITH"},{"data":"Vigilance","floor":12.0,"key":"SMITH"},{"data":"FearNoEvil","floor":15.0,"key":"SMITH"},{"data":"Adaptation","floor":24.0,"key":"SMITH"},{"data":"MentalFortress","floor":32.0,"key":"SMITH"},{"floor":49,"key":"RECALL"},{"data":"Study","floor":52,"key":"SMITH"}],"neow_cost":"NONE","seed_source_timestamp":1700185149026700,"circlet_count":0,"master_deck":["Eruption+1","FearNoEvil+1","MentalFortress+1","Adaptation+1","Study+1"],"special_seed":0,"relics":["PureWater","CaptainsWheel","Whetstone","Yang","Turnip","HornCleat","SacredBark","Vajra","Pen Nib","Sozu","Incense Burner","Meat on the Bone","Shovel","Boot","StoneCalendar","Medical Kit"],"potions_floor_usage":[],"damage_taken":[{"damage":10.0,"enemies":"Small Slimes","floor":1.0,"turns":2.0},{"damage":0.0,"enemies":"2 Louse","floor":3.0,"turns":2.0},{"damage":0.0,"enemies":"Cultist","floor":5.0,"turns":2.0},{"damage":10.0,"enemies":"Lagavulin","floor":6.0,"turns":4.0},{"damage":12.0,"enemies":"3 Sentries","floor":8.0,"turns":5.0},{"damage":8.0,"enemies":"Lagavulin","floor":10.0,"turns":5.0},{"damage":2.0,"enemies":"Large Slime","floor":14.0,"turns":2.0},{"damage":21.0,"enemies":"Hexaghost","floor":16.0,"turns":6.0},{"damage":12.0,"enemies":"3 Byrds","floor":18.0,"turns":5.0},{"damage":0.0,"enemies":"Spheric Guardian","floor":20.0,"turns":2.0},{"damage":8.0,"enemies":"Snake Plant","floor":21.0,"turns":3.0},{"damage":1.0,"enemies":"Book of Stabbing","floor":23.0,"turns":2.0},{"damage":0.0,"enemies":"Gremlin Leader","floor":25.0,"turns":4.0},{"damage":2.0,"enemies":"Chosen and Byrds","floor":27.0,"turns":3.0},{"damage":0.0,"enemies":"Snecko","floor":28.0,"turns":3.0},{"damage":0.0,"enemies":"Centurion and Healer","floor":30.0,"turns":3.0},{"damage":0.0,"enemies":"Champ","floor":33.0,"turns":3.0},{"damage":10.0,"enemies":"3 Darklings","floor":35.0,"turns":3.0},{"damage":0.0,"enemies":"3 Shapes","floor":37.0,"turns":3.0},{"damage":0.0,"enemies":"Transient","floor":38.0,"turns":2.0},{"damage":0.0,"enemies":"Giant Head","floor":40.0,"turns":3.0},{"damage":0.0,"enemies":"4 Shapes","floor":41.0,"turns":2.0},{"damage":3,"enemies":"Nemesis","floor":42,"turns":5},{"damage":1,"enemies":"Sphere and 2 Shapes","floor":44,"turns":2},{"damage":0,"enemies":"Giant Head","floor":45,"turns":3},{"damage":0,"enemies":"Spire Growth","floor":46,"turns":2},{"damage":0,"enemies":"2 Orb Walkers","floor":48,"turns":2},{"damage":2,"enemies":"Donu and Deca","floor":50,"turns":3},{"damage":0,"enemies":"Shield and Spear","floor":54,"turns":1},{"damage":3,"enemies":"The Heart","floor":55,"turns":5}],"seed_played":"-9019934829235074254","potions_obtained":[{"floor":3.0,"key":"DistilledChaos"},{"floor":8.0,"key":"StancePotion"},{"floor":10.0,"key":"Regen Potion"},{"floor":20.0,"key":"BlessingOfTheForge"},{"floor":21.0,"key":"AttackPotion"},{"floor":23.0,"key":"Energy Potion"}],"is_trial":false,"path_per_floor":["M","?","M","?","M","E","R","E","T","E","?","R","T","M","R","B",null,"M","?","M","M","$","E","R","E","T","M","M","?","M","$","R","B",null,"M","?","M","M","$","E","M","E","T","M","E","M","$","?","R","B",null,"R","$","E","B",null],"character_chosen":"WATCHER","items_purchased":["MentalFortress","Medical Kit"],"campfire_rested":0,"item_purchase_floors":[22,53],"current_hp_per_floor":[62,55,55,55,55,45,45,33,33,25,30,30,30,28,28,22,77,65,65,65,57,57,56,56,56,56,54,54,54,54,54,54,54,77,67,67,67,67,67,67,67,64,64,63,63,63,63,63,63,61,77,77,77,77,74],"gold":118,"neow_bonus":"REMOVE_CARD","is_prod":false,"is_daily":false,"chose_seed":false,"campfire_upgraded":6,"win_rate":0,"timestamp":1704193366,"path_taken":["M","?","M","?","?","E","R","E","T","E","?","R","?","?","R","BOSS","M","?","?","M","$","E","R","E","T","M","M","?","M","$","R","BOSS","M","?","M","?","$","E","M","E","T","M","E","M","$","?","R","BOSS","R","$","E","BOSS"],"build_version":"2022-12-18","purchased_purges":5,"victory":true,"max_hp_per_floor":[72,72,72,72,72,72,72,72,72,72,77,77,77,77,77,77,77,77,77,77,77,77,77,77,77,77,77,77,77,77,77,77,77,77,77,77,77,77,77,77,77,77,77,77,77,77,77,77,77,77,77,77,77,77,77],"card_choices":[{"not_picked":["ClearTheMind","Halt","FlurryOfBlows"],"picked":"SKIP","floor":1.0},{"not_picked":["PathToVictory","Evaluate","FlurryOfBlows"],"picked":"SKIP","floor":3.0},{"not_picked":["Consecrate","DeceiveReality","WindmillStrike"],"picked":"SKIP","floor":5.0},{"not_picked":["DeusExMachina","ClearTheMind","JustLucky"],"picked":"SKIP","floor":6.0},{"not_picked":["JustLucky","Evaluate","EmptyBody"],"picked":"SKIP","floor":8.0},{"not_picked":["FlyingSleeves","Crescendo","FlurryOfBlows"],"picked":"SKIP","floor":10.0},{"not_picked":["Crescendo","ClearTheMind"],"picked":"FearNoEvil","floor":14.0},{"not_picked":["Wallop","SashWhip","Meditate"],"picked":"SKIP","floor":18.0},{"not_picked":["Halt","JustLucky+1","FollowUp"],"picked":"SKIP","floor":20.0},{"not_picked":["Protect+1","EmptyBody","DevaForm"],"picked":"SKIP","floor":21.0},{"not_picked":["JustLucky","ConjureBlade"],"picked":"Adaptation","floor":23.0},{"not_picked":["Sanctity","SignatureMove+1","ClearTheMind+1"],"picked":"SKIP","floor":25.0},{"not_picked":["SandsOfTime+1","Evaluate","FollowUp"],"picked":"SKIP","floor":27.0},{"not_picked":["CutThroughFate","Prostrate+1","TalkToTheHand"],"picked":"SKIP","floor":28.0},{"not_picked":["JustLucky","FollowUp+1","CrushJoints"],"picked":"SKIP","floor":30.0},{"not_picked":["Consecrate","ClearTheMind","Vengeance"],"picked":"SKIP","floor":35.0},{"not_picked":["PathToVictory","ThirdEye+1","ClearTheMind"],"picked":"SKIP","floor":37.0},{"not_picked":["BowlingBash+1","ClearTheMind+1","Swivel"],"picked":"SKIP","floor":38.0},{"not_picked":["Vault","Protect+1","Indignation+1"],"picked":"SKIP","floor":40.0},{"not_picked":["CrushJoints+1","JustLucky+1","FearNoEvil+1"],"picked":"SKIP","floor":41.0},{"not_picked":["FlyingSleeves","EmptyBody","FollowUp+1"],"picked":"SKIP","floor":42},{"not_picked":["SignatureMove+1","FlyingSleeves+1","Scrawl"],"picked":"SKIP","floor":44},{"not_picked":["Indignation+1","Consecrate+1","Collect"],"picked":"SKIP","floor":45},{"not_picked":["WheelKick+1","FlyingSleeves","Evaluate"],"picked":"SKIP","floor":46},{"not_picked":["WindmillStrike+1","Collect+1","CutThroughFate+1"],"picked":"SKIP","floor":54}],"player_experience":1167651,"relics_obtained":[{"floor":6.0,"key":"CaptainsWheel"},{"floor":8.0,"key":"Whetstone"},{"floor":9.0,"key":"Yang"},{"floor":10.0,"key":"Turnip"},{"floor":13.0,"key":"HornCleat"},{"floor":23.0,"key":"Vajra"},{"floor":25.0,"key":"Pen Nib"},{"floor":40.0,"key":"Incense Burner"},{"floor":42,"key":"Meat on the Bone"},{"floor":43,"key":"Shovel"},{"floor":45,"key":"Boot"},{"floor":48,"key":"StoneCalendar"}],"event_choices":[{"cards_removed":["Defend_P"],"damage_healed":0.0,"max_hp_gain":0.0,"max_hp_loss":0.0,"gold_gain":0.0,"event_name":"Golden Wing","player_choice":"Card Removal","floor":2.0,"gold_loss":0.0,"damage_taken":7.0},{"cards_removed":["Defend_P"],"damage_healed":0.0,"max_hp_gain":0.0,"max_hp_loss":0.0,"gold_gain":0.0,"event_name":"Purifier","player_choice":"Purged","floor":4.0,"gold_loss":0.0,"damage_taken":0.0},{"damage_healed":0.0,"max_hp_gain":5.0,"max_hp_loss":0.0,"gold_gain":0.0,"event_name":"Big Fish","player_choice":"Donut","floor":11.0,"gold_loss":0.0,"damage_taken":0.0},{"damage_healed":0.0,"max_hp_gain":0.0,"max_hp_loss":0.0,"gold_gain":0.0,"event_name":"Accursed Blacksmith","player_choice":"Forge","floor":19.0,"gold_loss":0.0,"damage_taken":0.0,"cards_upgraded":["Strike_P"]},{"damage_healed":0.0,"max_hp_gain":0.0,"max_hp_loss":0.0,"gold_gain":0.0,"cards_transformed":["Strike_P","Defend_P"],"event_name":"Drug Dealer","player_choice":"Became Test Subject","floor":29.0,"gold_loss":0.0,"damage_taken":0.0,"cards_obtained":["WaveOfTheHand","Study"]},{"damage_healed":0.0,"max_hp_gain":0.0,"max_hp_loss":0.0,"gold_gain":0.0,"event_name":"Duplicator","player_choice":"Ignored","floor":36.0,"gold_loss":0.0,"damage_taken":0.0},{"damage_healed":0,"gold_gain":0,"player_choice":"Fight","damage_taken":0,"max_hp_gain":0,"max_hp_loss":0,"event_name":"Mysterious Sphere","floor":48,"gold_loss":0}],"is_beta":false,"boss_relics":[{"not_picked":["Ectoplasm","Fusion Hammer"],"picked":"SacredBark"},{"not_picked":["Velvet Choker","Snecko Eye"],"picked":"Sozu"}],"items_purged_floors":[22,31,39,47,53],"is_endless":false,"potions_floor_spawned":[3,8,10,20,21,23,35,37,42,46,48],"ascension_level":1}