{"gold_per_floor":[111,124,144,160,160,160,175,175,250,325,325,339,351,376,376,376],"floor_reached":16,"playtime":398,"items_purged":[],"score":129,"play_id":"f0a9f284-d0e9-48dc-9bce-65457c6391a8","local_time":"20240101131337","is_ascension_mode":false,"campfire_choices":[{"data":"Eruption","floor":6,"key":"SMITH"},{"data":"CrushJoints","floor":8,"key":"SMITH"},{"data":"Vault","floor":11,"key":"SMITH"},{"data":"1","floor":15,"key":"LIFT"}],"neow_cost":"PERCENT_DAMAGE","seed_source_timestamp":1652270373802800,"circlet_count":0,"master_deck":["Strike_P","Strike_P","Strike_P","Strike_P","Defend_P","Eruption+1","Vigilance","Prostrate","Vault+1","CrushJoints+1","Prostrate","EmptyMind","ReachHeaven","Prostrate"],"relics":["PureWater","Mercury Hourglass","Girya"],"potions_floor_usage":[12,14],"damage_taken":[{"damage":2,"enemies":"Jaw Worm","floor":1,"turns":3},{"damage":2,"enemies":"Small Slimes","floor":2,"turns":3},{"damage":9,"enemies":"2 Louse","floor":3,"turns":2},{"damage":4,"enemies":"Large Slime","floor":4,"turns":6},{"damage":0,"enemies":"Blue Slaver","floor":7,"turns":3},{"damage":0,"enemies":"Red Slaver","floor":12,"turns":1},{"damage":0,"enemies":"3 Louse","floor":13,"turns":2},{"damage":0,"enemies":"Gremlin Nob","floor":14,"turns":2},{"damage":12,"enemies":"The Guardian","floor":16,"turns":6}],"seed_played":"8958427413274953502","potions_obtained":[{"floor":1,"key":"Fruit Juice"},{"floor":2,"key":"CultistPotion"},{"floor":4,"key":"ColorlessPotion"},{"floor":12,"key":"Ambrosia"},{"floor":14,"key":"StancePotion"}],"is_trial":false,"path_per_floor":["M","M","M","M","?","R","M","R","T","?","R","M","M","E","R","B"],"character_chosen":"WATCHER","items_purchased":[],"campfire_rested":0,"item_purchase_floors":[],"current_hp_per_floor":[49,47,38,34,27,27,27,27,27,16,16,21,21,21,21,9],"gold":376,"neow_bonus":"REMOVE_TWO","is_prod":false,"is_daily":false,"chose_seed":false,"campfire_upgraded":3,"win_rate":0,"timestamp":1704143617,"path_taken":["M","M","M","M","?","R","M","R","T","?","R","M","M","E","R","BOSS"],"build_version":"2022-12-18","purchased_purges":0,"victory":false,"max_hp_per_floor":[72,72,72,72,72,72,72,72,72,72,72,77,77,77,77,77],"card_choices":[{"not_picked":["EmptyBody","DeceiveReality"],"picked":"Prostrate","floor":1},{"not_picked":["Crescendo","SashWhip","BattleHymn"],"picked":"SKIP","floor":2},{"not_picked":["Perseverance","ThirdEye"],"picked":"Vault","floor":3},{"not_picked":["Halt","SashWhip"],"picked":"CrushJoints","floor":4},{"not_picked":["CutThroughFate","Worship"],"picked":"Prostrate","floor":7},{"not_picked":["Fasting2","ClearTheMind"],"picked":"EmptyMind","floor":12},{"not_picked":["Weave","ReachHeaven","CrushJoints"],"picked":"SKIP","floor":13},{"not_picked":["Weave","CrushJoints"],"picked":"ReachHeaven","floor":13},{"not_picked":["Fasting2","FollowUp"],"picked":"Prostrate","floor":14}],"player_experience":1154939,"relics_obtained":[{"floor":9,"key":"Mercury Hourglass"},{"floor":14,"key":"Girya"}],"event_choices":[{"cards_removed":["Defend_P"],"damage_healed":0,"gold_gain":0,"player_choice":"Card Removal","damage_taken":7,"max_hp_gain":0,"max_hp_loss":0,"event_name":"Golden Wing","floor":5,"gold_loss":0},{"damage_healed":0,"gold_gain":75,"player_choice":"Gather Gold","damage_taken":11,"max_hp_gain":0,"max_hp_loss":0,"event_name":"World of Goop","floor":10,"gold_loss":0}],"is_beta":false,"boss_relics":[],"items_purged_floors":[],"is_endless":false,"potions_floor_spawned":[1,2,4,12,14],"killed_by":"The Guardian","ascension_level":0}