{"gold_per_floor":[118,118,135,146,96,125,125,25,25,25,25,25,44,62,62,158,158,172,172,2,2,0,0,20,20,45,45,60,60,60,71,71,172,172,182,202,217,229,249,249,282,282,282,282,282,73,73,100,100,100],"floor_reached":51,"playtime":4051,"items_purged":["Defend_G","Concentrate+1","Defend_G"],"score":728,"play_id":"dad65172-c6fd-4e3b-beec-f757c90889c4","local_time":"20230808220755","is_ascension_mode":false,"campfire_choices":[{"data":"Noxious Fumes","floor":7,"key":"SMITH"},{"data":"Neutralize","floor":10,"key":"SMITH"},{"data":"Backflip","floor":12,"key":"SMITH"},{"data":"Dodge and Roll","floor":15,"key":"SMITH"},{"data":"Footwork","floor":23,"key":"SMITH"},{"data":"Deflect","floor":25,"key":"SMITH"},{"data":"Defend_G","floor":27,"key":"SMITH"},{"data":"Survivor","floor":30,"key":"SMITH"},{"data":"Noxious Fumes","floor":32,"key":"SMITH"},{"floor":40,"key":"REST"},{"data":"Catalyst","floor":42,"key":"SMITH"},{"data":"Leg Sweep","floor":45,"key":"SMITH"},{"data":"Prepared","floor":49,"key":"SMITH"}],"neow_cost":"NONE","seed_source_timestamp":2013959056469500,"circlet_count":0,"master_deck":["Defend_G","Defend_G+1","Survivor+1","Neutralize+1","Dodge and Roll+1","Noxious Fumes+1","Tactician","Deadly Poison","Backflip+1","Poisoned Stab","Deadly Poison","Corpse Explosion","Malaise+1","Outmaneuver+1","Leg Sweep+1","Footwork+1","Catalyst+1","Deflect+1","Deadly Poison+1","Noxious Fumes+1","Prepared+1","Dodge and Roll+1","Venomology","Bandage Up"],"relics":["Ring of the Snake","TungstenRod","Bottled Flame","Astrolabe","Nunchaku","Philosopher\u0027s Stone","Letter Opener","Pear","Pantograph"],"potions_floor_usage":[36,38,39,41,50,50,50,50,50,50],"damage_taken":[{"damage":2,"enemies":"Jaw Worm","floor":1,"turns":8},{"damage":2,"enemies":"Cultist","floor":3,"turns":6},{"damage":0,"enemies":"Small Slimes","floor":4,"turns":4},{"damage":18,"enemies":"3 Sentries","floor":6,"turns":8},{"damage":8,"enemies":"Exordium Thugs","floor":13,"turns":5},{"damage":0,"enemies":"Exordium Wildlife","floor":14,"turns":3},{"damage":0,"enemies":"Hexaghost","floor":16,"turns":9},{"damage":1,"enemies":"3 Byrds","floor":18,"turns":3},{"damage":2,"enemies":"2 Thieves","floor":22,"turns":5},{"damage":0,"enemies":"Snecko","floor":24,"turns":6},{"damage":2,"enemies":"Shelled Parasite and Fungi","floor":28,"turns":6},{"damage":0,"enemies":"Centurion and Healer","floor":31,"turns":5},{"damage":3,"enemies":"Champ","floor":33,"turns":10},{"damage":0,"enemies":"Orb Walker","floor":35,"turns":4},{"damage":15,"enemies":"3 Darklings","floor":36,"turns":4},{"damage":0,"enemies":"Maw","floor":37,"turns":7},{"damage":20,"enemies":"Writhing Mass","floor":38,"turns":6},{"damage":16,"enemies":"Jaw Worm Horde","floor":39,"turns":4},{"damage":4,"enemies":"Giant Head","floor":41,"turns":8},{"damage":5,"enemies":"Reptomancer","floor":48,"turns":6},{"damage":30,"enemies":"Awakened One","floor":50,"turns":13}],"seed_played":"3182191058789213394","potions_obtained":[{"floor":1,"key":"ColorlessPotion"},{"floor":11,"key":"EntropicBrew"},{"floor":13,"key":"SteroidPotion"},{"floor":24,"key":"SkillPotion"},{"floor":35,"key":"Fruit Juice"},{"floor":37,"key":"Energy Potion"},{"floor":48,"key":"DuplicationPotion"}],"is_trial":false,"path_per_floor":["M","?","M","M","?","E","R","$","T","R","?","R","M","M","R","B",null,"M","?","$","?","M","R","M","R","T","R","M","$","R","M","R","B",null,"M","M","M","M","M","R","E","R","T","?","R","$","?","E","R","B",null],"character_chosen":"THE_SILENT","items_purchased":["Deadly Poison","Footwork","Bandage Up"],"campfire_rested":1,"item_purchase_floors":[8,20,46],"current_hp_per_floor":[68,68,66,66,66,48,48,48,48,48,48,48,40,40,40,40,70,69,57,57,57,55,55,55,55,55,55,53,53,53,53,53,50,70,70,60,60,40,24,46,42,42,52,52,52,52,52,51,51,50],"gold":100,"neow_bonus":"TRANSFORM_CARD","is_prod":false,"is_daily":false,"chose_seed":false,"campfire_upgraded":12,"win_rate":0,"timestamp":1691557675,"path_taken":["M","?","?","M","?","E","R","$","T","R","?","R","M","?","R","BOSS","M","?","$","?","M","R","M","R","T","R","M","?","R","M","R","BOSS","M","M","M","M","M","R","E","R","T","?","R","$","?","E","R","BOSS"],"build_version":"2022-12-18","purchased_purges":3,"victory":true,"max_hp_per_floor":[70,70,70,70,70,70,70,70,70,70,70,70,70,70,70,70,70,70,70,70,70,70,70,70,70,70,70,70,70,70,70,70,70,70,70,75,75,75,75,75,75,75,85,85,85,85,81,81,81,81],"card_choices":[{"not_picked":["Well Laid Plans","Dagger Throw"],"picked":"Noxious Fumes","floor":1},{"not_picked":["Bouncing Flask","Acrobatics"],"picked":"Deadly Poison","floor":3},{"not_picked":["Predator","Terror"],"picked":"Backflip","floor":4},{"not_picked":["Endless Agony","Blur"],"picked":"Poisoned Stab","floor":6},{"not_picked":["Poisoned Stab","Endless Agony","Bane"],"picked":"SKIP","floor":13},{"not_picked":["Terror","Eviscerate","Slice"],"picked":"SKIP","floor":14},{"not_picked":["Bullet Time","Grand Finale"],"picked":"Corpse Explosion","floor":16},{"not_picked":["Dagger Spray","Dodge and Roll"],"picked":"Leg Sweep","floor":18},{"not_picked":["Backflip","Cloak And Dagger+1"],"picked":"Deflect","floor":22},{"not_picked":["Accuracy","Dagger Throw"],"picked":"Deadly Poison+1","floor":24},{"not_picked":["Dodge and Roll+1","Slice"],"picked":"Noxious Fumes","floor":28},{"not_picked":["PiercingWail","Acrobatics"],"picked":"Prepared","floor":31},{"not_picked":["Blade Dance+1","Flying Knee","Dagger Spray+1"],"picked":"SKIP","floor":35},{"not_picked":["Flying Knee","Masterful Stab+1"],"picked":"Dodge and Roll+1","floor":36},{"not_picked":["Dagger Spray+1","Deadly Poison"],"picked":"Venomology","floor":37},{"not_picked":["Deadly Poison","Heel Hook","Predator"],"picked":"SKIP","floor":38},{"not_picked":["Cloak And Dagger+1","Poisoned Stab","Endless Agony"],"picked":"SKIP","floor":39},{"not_picked":["Dagger Throw","Terror","Blade Dance"],"picked":"SKIP","floor":41},{"not_picked":["Acrobatics+1","Noxious Fumes","Quick Slash"],"picked":"SKIP","floor":48}],"player_experience":170670,"relics_obtained":[{"floor":6,"key":"TungstenRod"},{"floor":9,"key":"Bottled Flame"},{"floor":26,"key":"Nunchaku"},{"floor":41,"key":"Letter Opener"},{"floor":43,"key":"Pear"},{"floor":48,"key":"Pantograph"}],"event_choices":[{"damage_healed":0,"gold_gain":0,"cards_transformed":["Strike_G"],"player_choice":"Transformed","damage_taken":0,"max_hp_gain":0,"max_hp_loss":0,"event_name":"Transmorgrifier","floor":2,"gold_loss":0,"cards_obtained":["Tactician"]},{"cards_removed":["Strike_G"],"damage_healed":0,"gold_gain":0,"player_choice":"Card Removal","damage_taken":0,"max_hp_gain":0,"max_hp_loss":0,"event_name":"The Cleric","floor":5,"gold_loss":50},{"damage_healed":0,"gold_gain":0,"player_choice":"Got Potions","damage_taken":0,"max_hp_gain":0,"max_hp_loss":0,"event_name":"Lab","floor":11,"gold_loss":0},{"damage_healed":0,"gold_gain":0,"player_choice":"Obtained Book","damage_taken":16,"max_hp_gain":0,"max_hp_loss":0,"event_name":"Cursed Tome","floor":19,"gold_loss":0},{"damage_healed":0,"gold_gain":0,"player_choice":"Read","damage_taken":0,"max_hp_gain":0,"max_hp_loss":0,"event_name":"The Library","floor":21,"gold_loss":0,"cards_obtained":["Catalyst"]},{"damage_healed":0,"gold_gain":0,"player_choice":"Memory 1","damage_taken":0,"max_hp_gain":0,"max_hp_loss":0,"event_name":"SensoryStone","floor":44,"gold_loss":0},{"damage_healed":0,"gold_gain":0,"player_choice":"Max HP","damage_taken":0,"max_hp_gain":0,"max_hp_loss":4,"event_name":"Winding Halls","floor":47,"gold_loss":0}],"is_beta":false,"boss_relics":[{"not_picked":["Velvet Choker","Runic Dome"],"picked":"Astrolabe"},{"not_picked":["HoveringKite","Snecko Eye"],"picked":"Philosopher\u0027s Stone"}],"items_purged_floors":[8,20,46],"is_endless":false,"potions_floor_spawned":[1,13,24,31,33,35,37,39,48],"ascension_level":0}