{"gold_per_floor":[114,114,114,132,144,144,23,34,61,61,61,61,101,63,75,216,228,260,272,300,344,356,368,414,439,451,378,422,452,464,493,505,617,629,651,679,701,713,740,752,793,421,421,439,108,118,152,167,167,167],"floor_reached":51,"playtime":3920,"items_purged":["Strike_G","Strike_G"],"score":797,"play_id":"3ca635c9-1a17-4cb0-a271-4f629ce74055","local_time":"20230812233153","is_ascension_mode":false,"campfire_choices":[{"data":"Terror","floor":6,"key":"SMITH"},{"data":"Survivor","floor":10,"key":"SMITH"},{"data":"Deflect","floor":12,"key":"SMITH"},{"data":"Neutralize","floor":15,"key":"SMITH"},{"data":"J.A.X.","floor":23,"key":"SMITH"},{"data":"Glass Knife","floor":30,"key":"SMITH"},{"data":"Defend_G","floor":32,"key":"SMITH"},{"data":"Defend_G","floor":40,"key":"SMITH"},{"data":"Footwork","floor":49,"key":"SMITH"}],"neow_cost":"NONE","seed_source_timestamp":335529450936600,"circlet_count":0,"master_deck":["Defend_G","Defend_G","Defend_G+1","Defend_G+1","Survivor+1","Neutralize+1","Terror+1","Infinite Blades+1","Deflect+1","PiercingWail","Blade Dance","Blade Dance","Prepared","Glass Knife+1","PiercingWail","Cloak And Dagger+1","Prepared+1","J.A.X.+1","Sucker Punch+1","Infinite Blades","Prepared","Prepared","Deflect","Footwork+1","Panache","Leg Sweep","Infinite Blades"],"relics":["Ring of the Snake","PreservedInsect","Bloody Idol","MawBank","WristBlade","Red Mask","Shuriken","Eternal Feather","Matryoshka","Busted Crown","Akabeko","Bottled Lightning","Bronze Scales","Sundial","Ninja Scroll"],"potions_floor_usage":[21,50,50],"damage_taken":[{"damage":0,"enemies":"Jaw Worm","floor":1,"turns":3},{"damage":0,"enemies":"Cultist","floor":4,"turns":3},{"damage":0,"enemies":"Small Slimes","floor":5,"turns":3},{"damage":0,"enemies":"2 Fungi Beasts","floor":8,"turns":7},{"damage":13,"enemies":"3 Sentries","floor":13,"turns":6},{"damage":3,"enemies":"Hexaghost","floor":16,"turns":10},{"damage":0,"enemies":"2 Thieves","floor":18,"turns":3},{"damage":0,"enemies":"Chosen","floor":20,"turns":2},{"damage":2,"enemies":"Masked Bandits","floor":21,"turns":4},{"damage":5,"enemies":"Slavers","floor":24,"turns":3},{"damage":3,"enemies":"Snake Plant","floor":25,"turns":3},{"damage":3,"enemies":"Gremlin Leader","floor":28,"turns":3},{"damage":3,"enemies":"Snecko","floor":29,"turns":2},{"damage":13,"enemies":"3 Cultists","floor":31,"turns":3},{"damage":16,"enemies":"Champ","floor":33,"turns":6},{"damage":13,"enemies":"3 Shapes","floor":35,"turns":3},{"damage":16,"enemies":"3 Darklings","floor":36,"turns":4},{"damage":7,"enemies":"4 Shapes","floor":37,"turns":4},{"damage":15,"enemies":"Sphere and 2 Shapes","floor":39,"turns":4},{"damage":10,"enemies":"Giant Head","floor":41,"turns":4},{"damage":6,"enemies":"Transient","floor":44,"turns":5},{"damage":5,"enemies":"3 Darklings","floor":46,"turns":5},{"damage":3,"enemies":"Reptomancer","floor":47,"turns":4},{"damage":3,"enemies":"Writhing Mass","floor":48,"turns":4},{"damage":33,"enemies":"Awakened One","floor":50,"turns":7}],"seed_played":"-5172908490626856816","potions_obtained":[{"floor":5,"key":"Explosive Potion"},{"floor":20,"key":"SteroidPotion"},{"floor":28,"key":"DuplicationPotion"},{"floor":29,"key":"CunningPotion"},{"floor":35,"key":"SteroidPotion"},{"floor":47,"key":"FairyPotion"},{"floor":48,"key":"Dexterity Potion"}],"is_trial":false,"path_per_floor":["M","?","?","M","M","R","$","M","T","R","?","R","E","?","R","B",null,"M","?","M","?","?","R","E","M","T","?","E","M","R","M","R","B",null,"M","M","M","?","M","R","E","$","T","M","$","M","E","M","R","B",null],"character_chosen":"THE_SILENT","items_purchased":["Blade Dance","Bottled Lightning","Deflect","Footwork","Panache","Leg Sweep"],"campfire_rested":0,"item_purchase_floors":[7,42,42,45,45,45],"current_hp_per_floor":[70,63,63,63,63,63,63,63,63,63,46,46,33,33,33,30,70,70,70,70,70,70,70,70,70,70,70,70,70,70,62,70,59,70,62,56,59,64,59,70,65,70,70,69,69,69,70,70,70,37],"gold":167,"neow_bonus":"TRANSFORM_CARD","is_prod":false,"is_daily":false,"chose_seed":false,"campfire_upgraded":9,"win_rate":0,"timestamp":1691908313,"path_taken":["M","?","?","?","M","R","$","M","T","R","?","R","E","?","R","BOSS","M","?","M","?","?","R","E","?","T","?","E","M","R","M","R","BOSS","M","M","M","?","M","R","E","$","T","M","$","M","E","M","R","BOSS"],"build_version":"2022-12-18","purchased_purges":2,"victory":true,"max_hp_per_floor":[70,70,70,70,70,70,70,70,70,70,70,70,70,70,70,70,70,70,70,70,70,70,70,70,70,70,70,70,70,70,70,70,70,70,70,70,70,70,70,70,70,70,70,70,70,70,70,70,70,70],"card_choices":[{"not_picked":["Deadly Poison","Leg Sweep"],"picked":"Infinite Blades","floor":1},{"not_picked":["All Out Attack","Underhanded Strike"],"picked":"Deflect","floor":4},{"not_picked":["Dash","Flechettes"],"picked":"PiercingWail","floor":5},{"not_picked":["Deflect","Bane"],"picked":"Blade Dance","floor":8},{"not_picked":["Dodge and Roll","Deflect"],"picked":"Prepared","floor":13},{"not_picked":["Wraith Form v2","Bullet Time"],"picked":"Glass Knife","floor":16},{"not_picked":["Acrobatics","Eviscerate"],"picked":"PiercingWail","floor":18},{"not_picked":["Prepared","Flechettes"],"picked":"Cloak And Dagger+1","floor":20},{"not_picked":["Quick Slash","Acrobatics"],"picked":"Prepared+1","floor":21},{"not_picked":["Corpse Explosion","Deadly Poison","Poisoned Stab+1"],"picked":"SKIP","floor":24},{"not_picked":["All Out Attack","Slice"],"picked":"Sucker Punch+1","floor":25},{"not_picked":["Outmaneuver+1","Flying Knee"],"picked":"Infinite Blades","floor":28},{"not_picked":["Caltrops","Well Laid Plans","Riddle With Holes"],"picked":"SKIP","floor":29},{"not_picked":["Blade Dance","Outmaneuver","Tools of the Trade"],"picked":"SKIP","floor":31},{"not_picked":["Tactician"],"picked":"SKIP","floor":35},{"not_picked":[],"picked":"Prepared","floor":36},{"not_picked":[],"picked":"Prepared","floor":37},{"not_picked":["Riddle With Holes+1"],"picked":"SKIP","floor":39},{"not_picked":["Crippling Poison"],"picked":"SKIP","floor":41},{"not_picked":["Endless Agony+1"],"picked":"SKIP","floor":44},{"not_picked":["Outmaneuver+1"],"picked":"SKIP","floor":46},{"not_picked":["Acrobatics+1"],"picked":"SKIP","floor":47},{"not_picked":[],"picked":"Infinite Blades","floor":48}],"player_experience":205180,"relics_obtained":[{"floor":9,"key":"PreservedInsect"},{"floor":13,"key":"MawBank"},{"floor":21,"key":"Red Mask"},{"floor":24,"key":"Shuriken"},{"floor":26,"key":"Eternal Feather"},{"floor":41,"key":"Akabeko"},{"floor":43,"key":"Bronze Scales"},{"floor":43,"key":"Sundial"},{"floor":47,"key":"Ninja Scroll"}],"event_choices":[{"cards_removed":["Defend_G"],"damage_healed":0,"gold_gain":0,"player_choice":"Card Removal","damage_taken":7,"max_hp_gain":0,"max_hp_loss":0,"event_name":"Golden Wing","floor":2,"gold_loss":0},{"damage_healed":0,"gold_gain":0,"player_choice":"Upgraded","damage_taken":0,"max_hp_gain":0,"max_hp_loss":0,"event_name":"Upgrade Shrine","floor":3,"gold_loss":0,"cards_upgraded":["Infinite Blades"]},{"damage_healed":0,"gold_gain":0,"player_choice":"Take Damage","damage_taken":17,"relics_obtained":["Golden Idol"],"max_hp_gain":0,"max_hp_loss":0,"event_name":"Golden Idol","floor":11,"gold_loss":0},{"cards_removed":["Strike_G"],"damage_healed":0,"gold_gain":0,"player_choice":"Card Removal","damage_taken":0,"max_hp_gain":0,"max_hp_loss":0,"event_name":"The Cleric","floor":14,"gold_loss":50},{"damage_healed":0,"gold_gain":0,"player_choice":"Gave Idol","damage_taken":0,"relics_obtained":["Bloody Idol"],"max_hp_gain":0,"max_hp_loss":0,"event_name":"Forgotten Altar","floor":19,"relics_lost":["Golden Idol"],"gold_loss":0},{"damage_healed":0,"gold_gain":0,"player_choice":"Fought Bandits","damage_taken":0,"max_hp_gain":0,"max_hp_loss":0,"event_name":"Masked Bandits","floor":21,"gold_loss":0},{"damage_healed":0,"gold_gain":0,"player_choice":"Obtain J.A.X.","damage_taken":0,"max_hp_gain":0,"max_hp_loss":0,"event_name":"Drug Dealer","floor":22,"gold_loss":0,"cards_obtained":["J.A.X."]},{"damage_healed":0,"gold_gain":0,"player_choice":"Obtained Relic","damage_taken":0,"relics_obtained":["Matryoshka"],"max_hp_gain":0,"max_hp_loss":0,"event_name":"Addict","floor":27,"gold_loss":85},{"cards_removed":["Strike_G"],"damage_healed":0,"gold_gain":0,"player_choice":"Removed Attack","damage_taken":0,"max_hp_gain":0,"max_hp_loss":0,"event_name":"Falling","floor":38,"gold_loss":0}],"is_beta":false,"boss_relics":[{"not_picked":["Black Star","Cursed Key"],"picked":"WristBlade"},{"not_picked":["Pandora\u0027s Box","Fusion Hammer"],"picked":"Busted Crown"}],"items_purged_floors":[7,42],"is_endless":false,"potions_floor_spawned":[5,20,28,29,33,35,46,47,48],"ascension_level":0}