{"gold_per_floor":[218,236,311,330,340,373,373,143,167,12,12,12,43,43,43,146,146,162,189,189,189,202,202,231,231,257,357,375,70,87,122,122,223,223,243,258,70,85,98,98,116,149,149,149,174,186,217,229,241,253],"floor_reached":51,"playtime":4125,"items_purged":["Strike_G","Strike_G"],"score":894,"play_id":"3b827a77-8d40-437e-b0ab-a2b1e9c4176d","local_time":"20230813164626","is_ascension_mode":true,"campfire_choices":[{"data":"Noxious Fumes","floor":7.0,"key":"SMITH"},{"data":"Neutralize","floor":11.0,"key":"SMITH"},{"data":"Defend_G","floor":15.0,"key":"SMITH"},{"data":"Survivor","floor":23,"key":"SMITH"},{"data":"Footwork","floor":25,"key":"SMITH"},{"data":"Deflect","floor":32,"key":"SMITH"},{"data":"Defend_G","floor":40,"key":"SMITH"},{"floor":44,"key":"REST"},{"floor":46,"key":"REST"},{"floor":49,"key":"REST"}],"neow_cost":"NONE","seed_source_timestamp":0,"circlet_count":0,"master_deck":["Strike_G","Defend_G","Defend_G","Defend_G","Defend_G+1","Defend_G+1","Survivor+1","Neutralize+1","PiercingWail","Bouncing Flask","Poisoned Stab","Noxious Fumes+1","Bouncing Flask+1","Prepared","Slice","Corpse Explosion","Prepared","Footwork+1","PiercingWail","Deflect+1","Backflip+1","Distraction+1","Venomology","Sucker Punch+1","Catalyst","Leg Sweep+1","Prepared+1","Deflect+1","Adrenaline"],"special_seed":0,"relics":["Ring of the Snake","Bag of Marbles","Snake Skull","Anchor","PreservedInsect","MealTicket","Philosopher\u0027s Stone","Red Mask","Tiny Chest","Bronze Scales","Calipers","Question Card","ClockworkSouvenir","Omamori","Empty Cage","Ancient Tea Set","Centennial Puzzle","Orichalcum","MawBank"],"potions_floor_usage":[19,19,35,41,50,50,50],"damage_taken":[{"damage":3.0,"enemies":"Cultist","floor":1.0,"turns":6.0},{"damage":0.0,"enemies":"2 Louse","floor":2.0,"turns":4.0},{"damage":0.0,"enemies":"Jaw Worm","floor":4.0,"turns":4.0},{"damage":2.0,"enemies":"Looter","floor":5.0,"turns":4.0},{"damage":13.0,"enemies":"3 Sentries","floor":6.0,"turns":9.0},{"damage":1.0,"enemies":"Lagavulin","floor":13.0,"turns":4.0},{"damage":20.0,"enemies":"Hexaghost","floor":16.0,"turns":7.0},{"damage":3,"enemies":"Shell Parasite","floor":18,"turns":5},{"damage":28,"enemies":"Masked Bandits","floor":19,"turns":4},{"damage":0,"enemies":"Spheric Guardian","floor":22,"turns":2},{"damage":0,"enemies":"Gremlin Leader","floor":24,"turns":5},{"damage":1,"enemies":"Colosseum Slavers","floor":27,"turns":2},{"damage":14,"enemies":"Colosseum Nobs","floor":27,"turns":4},{"damage":2,"enemies":"Snecko","floor":28,"turns":5},{"damage":0,"enemies":"Snake Plant","floor":30,"turns":3},{"damage":0,"enemies":"Slavers","floor":31,"turns":3},{"damage":0,"enemies":"Champ","floor":33,"turns":10},{"damage":26,"enemies":"3 Darklings","floor":35,"turns":3},{"damage":0,"enemies":"Orb Walker","floor":36,"turns":3},{"damage":11,"enemies":"Sphere and 2 Shapes","floor":38,"turns":4},{"damage":4,"enemies":"Maw","floor":39,"turns":7},{"damage":0,"enemies":"Spire Growth","floor":41,"turns":4},{"damage":27,"enemies":"Reptomancer","floor":42,"turns":6},{"damage":8,"enemies":"Nemesis","floor":45,"turns":6},{"damage":0,"enemies":"Sphere and 2 Shapes","floor":47,"turns":4},{"damage":13,"enemies":"Donu and Deca","floor":50,"turns":6}],"seed_played":"-4090101455667123991","potions_obtained":[{"floor":1.0,"key":"Poison Potion"},{"floor":4.0,"key":"BlessingOfTheForge"},{"floor":6.0,"key":"Block Potion"},{"floor":16.0,"key":"DuplicationPotion"},{"floor":18,"key":"Poison Potion"},{"floor":19,"key":"BlessingOfTheForge"},{"floor":24,"key":"Strength Potion"},{"floor":33,"key":"GamblersBrew"},{"floor":38,"key":"Weak Potion"},{"floor":39,"key":"ColorlessPotion"},{"floor":41,"key":"Energy Potion"}],"is_trial":false,"path_per_floor":["M","M","?","M","M","E","R","$","T","$","R","$","E","$","R","B",null,"M","?","?","?","M","R","E","R","T","?","M","$","M","E","R","B",null,"M","M","$","M","M","R","M","E","T","R","E","R","M","?","R","B",null],"character_chosen":"THE_SILENT","items_purchased":["Snake Skull","PreservedInsect","ClockworkSouvenir","Deflect","Catalyst","Ancient Tea Set"],"campfire_rested":3,"item_purchase_floors":[8,10,29,29,37,37],"current_hp_per_floor":[67,67,60,60,58,45,45,45,45,45,45,45,44,59,59,39,70,67,39,62,62,62,62,62,62,62,47,45,60,60,60,60,60,70,44,44,59,48,44,44,44,17,17,38,30,51,51,51,70,57],"gold":265,"neow_bonus":"HUNDRED_GOLD","is_prod":false,"is_daily":false,"chose_seed":false,"campfire_upgraded":7,"win_rate":0,"timestamp":1691970386,"path_taken":["M","M","?","?","M","E","R","$","T","?","R","$","E","?","R","BOSS","M","?","?","?","?","R","E","R","T","?","M","$","M","E","R","BOSS","M","M","$","M","M","R","M","E","T","R","E","R","M","?","R","BOSS"],"build_version":"2022-12-18","purchased_purges":2,"victory":true,"max_hp_per_floor":[70,70,70,70,70,70,70,70,70,70,70,70,70,70,70,70,70,70,70,70,70,70,70,70,70,70,70,70,70,70,70,70,70,70,70,70,70,70,70,70,70,70,70,70,70,70,70,70,70,70],"card_choices":[{"not_picked":["Dash","Crippling Poison"],"picked":"PiercingWail","floor":1.0},{"not_picked":["Concentrate","Outmaneuver"],"picked":"Bouncing Flask","floor":2.0},{"not_picked":["Masterful Stab","Tactician","Dagger Spray"],"picked":"SKIP","floor":4.0},{"not_picked":["Quick Slash","Sucker Punch"],"picked":"Poisoned Stab","floor":5.0},{"not_picked":["Dodge and Roll","Reflex"],"picked":"Noxious Fumes","floor":6.0},{"not_picked":["Crippling Poison","After Image","Blade Dance"],"picked":"SKIP","floor":13.0},{"not_picked":["Poisoned Stab","Sucker Punch+1"],"picked":"Bouncing Flask+1","floor":18},{"not_picked":["Sucker Punch","Heel Hook"],"picked":"Prepared","floor":19},{"not_picked":["Noxious Fumes","Deadly Poison"],"picked":"Prepared","floor":22},{"not_picked":["Distraction","Unload"],"picked":"Footwork","floor":24},{"not_picked":["Flechettes+1","Dagger Spray"],"picked":"PiercingWail","floor":27},{"not_picked":["Outmaneuver+1","Endless Agony","Eviscerate","Acrobatics"],"picked":"SKIP","floor":28},{"not_picked":["Dodge and Roll+1","Flying Knee","Heel Hook"],"picked":"Backflip+1","floor":30},{"not_picked":["Poisoned Stab","After Image","Accuracy"],"picked":"Distraction+1","floor":31},{"not_picked":["Die Die Die","Grand Finale","Glass Knife"],"picked":"Venomology","floor":33},{"not_picked":["Backflip+1","All Out Attack+1","Deadly Poison+1"],"picked":"Sucker Punch+1","floor":35},{"not_picked":["Finisher+1","Blade Dance+1","Sucker Punch","Flying Knee"],"picked":"SKIP","floor":36},{"not_picked":["Cloak And Dagger","Underhanded Strike+1","Sucker Punch"],"picked":"Leg Sweep+1","floor":38},{"not_picked":["Dodge and Roll+1","Malaise","Reflex","Acrobatics"],"picked":"SKIP","floor":39},{"not_picked":["Flying Knee","All Out Attack+1","Concentrate"],"picked":"Prepared+1","floor":41},{"not_picked":["Acrobatics+1","All Out Attack","Well Laid Plans+1","Slice+1"],"picked":"SKIP","floor":42},{"not_picked":["Prepared","Dodge and Roll+1","Expertise+1"],"picked":"Deflect+1","floor":45},{"not_picked":["Blade Dance","Cloak And Dagger+1","Bouncing Flask"],"picked":"Adrenaline","floor":47}],"player_experience":222403,"relics_obtained":[{"floor":6.0,"key":"Bag of Marbles"},{"floor":9.0,"key":"Anchor"},{"floor":13.0,"key":"MealTicket"},{"floor":19,"key":"Red Mask"},{"floor":24,"key":"Tiny Chest"},{"floor":26,"key":"Bronze Scales"},{"floor":27,"key":"Calipers"},{"floor":27,"key":"Question Card"},{"floor":31,"key":"Omamori"},{"floor":42,"key":"Centennial Puzzle"},{"floor":43,"key":"Orichalcum"},{"floor":45,"key":"MawBank"}],"event_choices":[{"damage_healed":0.0,"max_hp_gain":0.0,"max_hp_loss":0.0,"gold_gain":75.0,"event_name":"FaceTrader","player_choice":"Touch","floor":3.0,"gold_loss":0.0,"damage_taken":7.0},{"damage_healed":0,"gold_gain":0,"player_choice":"Fought Bandits","damage_taken":0,"max_hp_gain":0,"max_hp_loss":0,"event_name":"Masked Bandits","floor":19,"gold_loss":0},{"damage_healed":23,"gold_gain":0,"player_choice":"Heal","damage_taken":0,"max_hp_gain":0,"max_hp_loss":0,"event_name":"The Library","floor":20,"gold_loss":0},{"damage_healed":0,"gold_gain":0,"player_choice":"2 cards matched","damage_taken":0,"max_hp_gain":0,"max_hp_loss":0,"event_name":"Match and Keep!","floor":21,"gold_loss":0,"cards_obtained":["Slice","Corpse Explosion"]},{"damage_healed":0,"gold_gain":0,"player_choice":"Fight","damage_taken":0,"max_hp_gain":0,"max_hp_loss":0,"event_name":"Colosseum","floor":27,"gold_loss":0},{"damage_healed":0,"gold_gain":0,"player_choice":"Fought Nobs","damage_taken":0,"max_hp_gain":0,"max_hp_loss":0,"event_name":"Colosseum","floor":27,"gold_loss":0},{"damage_healed":0,"gold_gain":0,"player_choice":"Bought 0 Potions","damage_taken":0,"max_hp_gain":0,"max_hp_loss":0,"event_name":"The Woman in Blue","floor":48,"gold_loss":0}],"is_beta":false,"boss_relics":[{"not_picked":["Sozu","Calling Bell"],"picked":"Philosopher\u0027s Stone"},{"not_picked":["Snecko Eye","SlaversCollar"],"picked":"Empty Cage"}],"items_purged_floors":[8,29],"is_endless":false,"potions_floor_spawned":[1,4,6,16,18,19,24,27,33,38,39,41,45],"ascension_level":1}