{"gold_per_floor":[109,124,142,317,332,332,359,376,458,408,436,449,449,468,468,564,564,584,603,62,74,23,23,23,35,35,47,90,102,127,155,167,278,290,318,330,353,379,65,90,90,90,169,203,222,222,20,36,36,36],"floor_reached":51,"playtime":4367,"items_purged":["Strike_G","Strike_G"],"score":791,"play_id":"e0902093-8caf-426c-80c1-94332f2d9a1e","local_time":"20230810214858","is_ascension_mode":false,"campfire_choices":[{"data":"Neutralize","floor":6.0,"key":"SMITH"},{"data":"After Image","floor":15.0,"key":"SMITH"},{"data":"Accuracy","floor":23.0,"key":"SMITH"},{"data":"Terror","floor":27.0,"key":"SMITH"},{"data":"Footwork","floor":29.0,"key":"SMITH"},{"data":"Night Terror","floor":32.0,"key":"SMITH"},{"data":"Accuracy","floor":42,"key":"SMITH"},{"data":"Accuracy","floor":46,"key":"SMITH"},{"data":"Footwork","floor":49,"key":"SMITH"}],"neow_cost":"TEN_PERCENT_HP_LOSS","seed_source_timestamp":156111234195900,"circlet_count":0,"master_deck":["Defend_G","Defend_G","Defend_G","Defend_G","Survivor","Neutralize+1","Blade Dance+1","Deadly Poison","Deflect","Calculated Gamble","Prepared","After Image+1","Footwork+1","Night Terror+1","Blade Dance","Terror+1","Accuracy+1","Good Instincts","Backflip+1","Deflect","Deflect","Bouncing Flask+1","Tactician+1","Cloak And Dagger","Accuracy+1","Infinite Blades+1","Footwork+1","Footwork+1","Accuracy+1","Deflect","Sucker Punch+1"],"special_seed":0,"relics":["Ring of the Snake","Gremlin Horn","Ninja Scroll","Unceasing Top","Black Star","Happy Flower","TwistedFunnel","MawBank","Blood Vial","White Beast Statue","SlaversCollar","Bronze Scales","Juzu Bracelet","War Paint","Singing Bowl","Lantern","Snake Skull","Pen Nib"],"potions_floor_usage":[44,50,50],"damage_taken":[{"damage":0.0,"enemies":"2 Louse","floor":1.0,"turns":4.0},{"damage":0.0,"enemies":"Small Slimes","floor":2.0,"turns":4.0},{"damage":0.0,"enemies":"Cultist","floor":3.0,"turns":3.0},{"damage":2.0,"enemies":"Looter","floor":5.0,"turns":3.0},{"damage":10.0,"enemies":"Lagavulin","floor":7.0,"turns":8.0},{"damage":0.0,"enemies":"Lots of Slimes","floor":8.0,"turns":4.0},{"damage":18.0,"enemies":"Gremlin Nob","floor":11.0,"turns":3.0},{"damage":2.0,"enemies":"Large Slime","floor":12.0,"turns":6.0},{"damage":0.0,"enemies":"2 Fungi Beasts","floor":14.0,"turns":3.0},{"damage":19.0,"enemies":"Slime Boss","floor":16.0,"turns":18.0},{"damage":0.0,"enemies":"3 Byrds","floor":18.0,"turns":5.0},{"damage":13.0,"enemies":"Spheric Guardian","floor":19.0,"turns":4.0},{"damage":4.0,"enemies":"Snake Plant","floor":21.0,"turns":5.0},{"damage":0.0,"enemies":"3 Cultists","floor":25.0,"turns":5.0},{"damage":0.0,"enemies":"Slavers","floor":28.0,"turns":3.0},{"damage":0.0,"enemies":"Sentry and Sphere","floor":30.0,"turns":5.0},{"damage":0.0,"enemies":"Centurion and Healer","floor":31.0,"turns":4.0},{"damage":9.0,"enemies":"Champ","floor":33.0,"turns":12.0},{"damage":0.0,"enemies":"3 Shapes","floor":35.0,"turns":4.0},{"damage":1.0,"enemies":"Orb Walker","floor":37.0,"turns":5.0},{"damage":1,"enemies":"4 Shapes","floor":38,"turns":4},{"damage":0,"enemies":"Giant Head","floor":40,"turns":6},{"damage":19,"enemies":"Reptomancer","floor":44,"turns":6},{"damage":0,"enemies":"Spire Growth","floor":45,"turns":4},{"damage":0,"enemies":"Transient","floor":48,"turns":5},{"damage":11,"enemies":"Time Eater","floor":50,"turns":6}],"seed_played":"640970922717250804","potions_obtained":[{"floor":1.0,"key":"Strength Potion"},{"floor":8.0,"key":"Ancient Potion"},{"floor":11.0,"key":"ColorlessPotion"},{"floor":14.0,"key":"SpeedPotion"},{"floor":18.0,"key":"GamblersBrew"},{"floor":21.0,"key":"Fire Potion"},{"floor":30.0,"key":"Fruit Juice"},{"floor":31.0,"key":"AttackPotion"},{"floor":33.0,"key":"AttackPotion"},{"floor":35.0,"key":"Ancient Potion"},{"floor":37,"key":"SkillPotion"},{"floor":38,"key":"BlessingOfTheForge"},{"floor":44,"key":"ColorlessPotion"}],"is_trial":false,"path_per_floor":["M","M","M","?","M","R","E","M","T","?","E","M","?","M","R","B",null,"M","M","$","M","$","R","?","M","T","R","E","R","M","M","R","B",null,"M","?","M","M","$","E","?","R","T","E","M","R","$","M","R","B",null],"character_chosen":"THE_SILENT","items_purchased":["Accuracy","Good Instincts","Happy Flower","TwistedFunnel","Deflect","Footwork","Bronze Scales","Pen Nib","Deflect"],"campfire_rested":0,"item_purchase_floors":[20,20,20,20,22,39,39,47,47],"current_hp_per_floor":[63,63,63,63,61,61,51,51,51,51,33,31,31,31,31,12,63,63,50,50,46,46,46,46,46,46,46,46,46,48,50,50,48,68,68,68,67,67,67,68,68,68,68,49,51,51,51,53,53,44],"gold":36,"neow_bonus":"REMOVE_TWO","is_prod":false,"is_daily":false,"chose_seed":false,"campfire_upgraded":9,"win_rate":0,"timestamp":1691729338,"path_taken":["M","M","M","?","M","R","E","M","T","?","E","M","?","M","R","BOSS","M","?","$","M","$","R","?","M","T","R","E","R","?","M","R","BOSS","M","?","M","M","$","E","?","R","T","E","M","R","$","M","R","BOSS"],"build_version":"2022-12-18","purchased_purges":2,"victory":true,"max_hp_per_floor":[63,63,63,63,63,63,63,63,63,63,63,63,63,63,63,63,63,63,63,63,63,63,63,63,63,63,63,63,63,63,63,63,68,68,68,68,68,68,68,68,68,68,68,68,68,68,68,68,68,68],"card_choices":[{"not_picked":["Masterful Stab","Flying Knee"],"picked":"Blade Dance","floor":1.0},{"not_picked":["Finisher","Predator"],"picked":"Deadly Poison","floor":2.0},{"not_picked":["Flying Knee","Flechettes"],"picked":"Slice","floor":3.0},{"not_picked":["Acrobatics","Deadly Poison"],"picked":"Deflect","floor":5.0},{"not_picked":["Quick Slash","Bane"],"picked":"Calculated Gamble","floor":7.0},{"not_picked":["Blur","Endless Agony"],"picked":"Prepared","floor":8.0},{"not_picked":["Burst","Underhanded Strike"],"picked":"After Image","floor":11.0},{"not_picked":["Dagger Spray","Acrobatics","Eviscerate"],"picked":"SKIP","floor":12.0},{"not_picked":["Calculated Gamble","Outmaneuver"],"picked":"Footwork","floor":14.0},{"not_picked":["Unload","Glass Knife"],"picked":"Night Terror","floor":16.0},{"not_picked":["Underhanded Strike+1","Quick Slash"],"picked":"Blade Dance","floor":18.0},{"not_picked":["Bouncing Flask","Backflip"],"picked":"Terror","floor":19.0},{"not_picked":["Prepared","Dodge and Roll"],"picked":"Backflip+1","floor":21.0},{"not_picked":["Sucker Punch","Crippling Poison"],"picked":"Bouncing Flask+1","floor":25.0},{"not_picked":["Dash","Doppelganger"],"picked":"Tactician","floor":28.0},{"not_picked":["Dagger Throw","Dodge and Roll+1","Riddle With Holes"],"picked":"SKIP","floor":30.0},{"not_picked":["Poisoned Stab","Escape Plan"],"picked":"Cloak And Dagger","floor":31.0},{"not_picked":["Deadly Poison+1","Quick Slash+1"],"picked":"Accuracy","floor":35.0},{"not_picked":["Bane","Cloak And Dagger+1"],"picked":"Infinite Blades+1","floor":37},{"not_picked":["Dagger Spray","Eviscerate+1","Backflip"],"picked":"SKIP","floor":38},{"not_picked":["Bouncing Flask+1","Dodge and Roll","Dagger Throw+1"],"picked":"SKIP","floor":40},{"not_picked":["Wraith Form v2","Dagger Spray+1"],"picked":"Footwork+1","floor":44},{"not_picked":["Sucker Punch","Poisoned Stab+1"],"picked":"Accuracy","floor":45},{"not_picked":["Bane","Caltrops"],"picked":"Sucker Punch+1","floor":48}],"player_experience":189464,"relics_obtained":[{"floor":7.0,"key":"Gremlin Horn"},{"floor":9.0,"key":"Ninja Scroll"},{"floor":11.0,"key":"Unceasing Top"},{"floor":26.0,"key":"MawBank"},{"floor":28.0,"key":"Blood Vial"},{"floor":28.0,"key":"White Beast Statue"},{"floor":40,"key":"Juzu Bracelet"},{"floor":40,"key":"War Paint"},{"floor":43,"key":"Singing Bowl"},{"floor":44,"key":"Lantern"},{"floor":44,"key":"Snake Skull"}],"event_choices":[{"damage_healed":0.0,"max_hp_gain":0.0,"max_hp_loss":0.0,"gold_gain":175.0,"event_name":"Liars Game","player_choice":"AGREE","floor":4.0,"gold_loss":0.0,"damage_taken":0.0,"cards_obtained":["Doubt"]},{"cards_removed":["Doubt"],"damage_healed":0.0,"max_hp_gain":0.0,"max_hp_loss":0.0,"gold_gain":0.0,"event_name":"The Cleric","player_choice":"Card Removal","floor":10.0,"gold_loss":50.0,"damage_taken":0.0},{"cards_removed":["Defend_G"],"damage_healed":0.0,"max_hp_gain":0.0,"max_hp_loss":0.0,"gold_gain":0.0,"event_name":"Bonfire Elementals","player_choice":"Offered Basic","floor":13.0,"gold_loss":0.0,"damage_taken":0.0},{"damage_healed":0.0,"max_hp_gain":0.0,"max_hp_loss":0.0,"gold_gain":0.0,"cards_transformed":["Strike_G"],"event_name":"Transmorgrifier","player_choice":"Transformed","floor":24.0,"gold_loss":0.0,"damage_taken":0.0,"cards_obtained":["Deflect"]},{"damage_healed":0.0,"max_hp_gain":0.0,"max_hp_loss":0.0,"gold_gain":0.0,"event_name":"Mysterious Sphere","player_choice":"Ignored","floor":36.0,"gold_loss":0.0,"damage_taken":0.0},{"cards_removed":["Slice"],"damage_healed":0,"gold_gain":0,"player_choice":"Removed Attack","damage_taken":0,"max_hp_gain":0,"max_hp_loss":0,"event_name":"Falling","floor":41,"gold_loss":0}],"is_beta":false,"boss_relics":[{"not_picked":["Runic Dome","SacredBark"],"picked":"Black Star"},{"not_picked":["Pandora\u0027s Box","Cursed Key"],"picked":"SlaversCollar"}],"items_purged_floors":[20,39],"is_endless":false,"potions_floor_spawned":[1,8,11,14,18,21,30,31,33,35,37,38,40,44,45,48],"ascension_level":0}