{"gold_per_floor":[118,138,156,166,179,179,205,205,231,244,263,279,279,289,289,391,391,404,329,329,345,345,345,370,370,370,370,171,96,119,133,133,231,231,242,67,115,115,75,75,93,93,93,93,111,122,148,165,165,165],"floor_reached":51,"playtime":4812,"items_purged":["Terror","Flying Knee"],"score":724,"play_id":"e544d457-c3e7-49a6-a859-cdcbea533642","local_time":"20230807175645","is_ascension_mode":false,"campfire_choices":[{"data":"Footwork","floor":6,"key":"SMITH"},{"data":"Noxious Fumes","floor":8,"key":"SMITH"},{"data":"Footwork","floor":13,"key":"SMITH"},{"floor":15,"key":"DIG"},{"floor":23,"key":"REST"},{"floor":25,"key":"REST"},{"data":"Envenom","floor":27,"key":"SMITH"},{"data":"Noxious Fumes","floor":32,"key":"SMITH"},{"floor":40,"key":"DIG"},{"floor":42,"key":"DIG"},{"floor":44,"key":"DIG"},{"floor":49,"key":"REST"}],"neow_cost":"NONE","seed_source_timestamp":1911738568889300,"circlet_count":0,"master_deck":["Strike_G+1","Strike_G+1","Strike_G+1","Defend_G+1","Defend_G+1","Defend_G+1","Defend_G+1","Defend_G+1","Survivor+1","Neutralize","Noxious Fumes+1","Footwork+1","Poisoned Stab","Footwork+1","Prepared","Well Laid Plans","Tools of the Trade","Envenom+1","Infinite Blades","Poisoned Stab","Leg Sweep+1","Cloak And Dagger+1","Noxious Fumes+1","Venomology","PiercingWail+1","Bandage Up","Deflect","Backflip+1","Accuracy"],"relics":["Ring of the Snake","Shovel","Happy Flower","Potion Belt","HoveringKite","PreservedInsect","Paper Crane","War Paint","SacredBark","Ginger","Dead Branch","Regal Pillow","StoneCalendar","Question Card","Centennial Puzzle"],"potions_floor_usage":[11,24,33,33,33,33,35,37,37,37,41,46,46,47,47,48,50,50,50,50],"damage_taken":[{"damage":0,"enemies":"Cultist","floor":1,"turns":4},{"damage":0,"enemies":"Small Slimes","floor":2,"turns":3},{"damage":0,"enemies":"2 Louse","floor":3,"turns":2},{"damage":0,"enemies":"Looter","floor":4,"turns":4},{"damage":2,"enemies":"Exordium Thugs","floor":5,"turns":7},{"damage":16,"enemies":"3 Sentries","floor":7,"turns":8},{"damage":4,"enemies":"2 Fungi Beasts","floor":10,"turns":4},{"damage":1,"enemies":"Large Slime","floor":11,"turns":6},{"damage":0,"enemies":"Looter","floor":12,"turns":2},{"damage":2,"enemies":"Gremlin Gang","floor":14,"turns":5},{"damage":11,"enemies":"Slime Boss","floor":16,"turns":7},{"damage":6,"enemies":"Shell Parasite","floor":18,"turns":7},{"damage":22,"enemies":"2 Thieves","floor":19,"turns":5},{"damage":25,"enemies":"Sentry and Sphere","floor":21,"turns":7},{"damage":36,"enemies":"Slavers","floor":24,"turns":6},{"damage":10,"enemies":"3 Cultists","floor":31,"turns":6},{"damage":0,"enemies":"Automaton","floor":33,"turns":9},{"damage":7,"enemies":"3 Shapes","floor":35,"turns":5},{"damage":86,"enemies":"2 Orb Walkers","floor":37,"turns":6},{"damage":2,"enemies":"Orb Walker","floor":41,"turns":4},{"damage":13,"enemies":"Writhing Mass","floor":45,"turns":7},{"damage":7,"enemies":"Sphere and 2 Shapes","floor":46,"turns":7},{"damage":13,"enemies":"Reptomancer","floor":47,"turns":6},{"damage":16,"enemies":"Transient","floor":48,"turns":5},{"damage":17,"enemies":"Donu and Deca","floor":50,"turns":7}],"seed_played":"-7181234316970468712","potions_obtained":[{"floor":2,"key":"DistilledChaos"},{"floor":4,"key":"PowerPotion"},{"floor":7,"key":"Block Potion"},{"floor":14,"key":"Poison Potion"},{"floor":16,"key":"Strength Potion"},{"floor":24,"key":"DuplicationPotion"},{"floor":33,"key":"BlessingOfTheForge"},{"floor":35,"key":"ColorlessPotion"},{"floor":39,"key":"Swift Potion"},{"floor":39,"key":"Energy Potion"},{"floor":39,"key":"SneckoOil"},{"floor":45,"key":"SkillPotion"}],"is_trial":false,"path_per_floor":["M","M","M","M","M","R","E","R","T","M","M","M","R","M","R","B",null,"M","M","?","M","?","R","E","R","T","R","$","?","T","M","R","B",null,"M","$","?","?","?","R","M","R","T","R","M","M","E","M","R","B",null],"character_chosen":"THE_SILENT","items_purchased":["Noxious Fumes","Poison Potion","Regen Potion"],"campfire_rested":3,"item_purchase_floors":[28,28,36],"current_hp_per_floor":[77,77,77,77,75,75,59,59,59,55,54,54,54,52,52,41,77,71,49,49,24,24,47,11,34,34,34,34,34,34,24,24,24,77,70,70,50,50,50,50,52,52,52,52,43,42,33,21,59,46],"gold":165,"neow_bonus":"TEN_PERCENT_HP_BONUS","is_prod":false,"is_daily":false,"chose_seed":false,"campfire_upgraded":5,"win_rate":0,"timestamp":1691456205,"path_taken":["M","M","M","M","M","R","E","R","T","M","?","M","R","?","R","BOSS","M","M","?","M","?","R","E","R","T","R","$","?","?","?","R","BOSS","M","$","?","?","?","R","M","R","T","R","M","M","E","?","R","BOSS"],"build_version":"2022-12-18","purchased_purges":2,"victory":true,"max_hp_per_floor":[77,77,77,77,77,77,77,77,77,77,77,77,77,77,77,77,77,77,77,77,77,77,77,77,77,77,77,77,77,77,77,77,77,77,77,77,77,77,77,77,77,77,77,77,77,77,77,77,77,77],"card_choices":[{"not_picked":["Slice","Quick Slash"],"picked":"Flying Knee","floor":1},{"not_picked":["Escape Plan","Flechettes"],"picked":"Noxious Fumes","floor":2},{"not_picked":["Predator","Quick Slash"],"picked":"Footwork","floor":3},{"not_picked":["Backstab","Underhanded Strike"],"picked":"Terror","floor":4},{"not_picked":["Acrobatics","Outmaneuver"],"picked":"Phantasmal Killer","floor":5},{"not_picked":["Dagger Throw","Slice"],"picked":"Poisoned Stab","floor":7},{"not_picked":["Acrobatics","PiercingWail"],"picked":"Footwork","floor":10},{"not_picked":["Dodge and Roll","Acrobatics"],"picked":"Prepared","floor":11},{"not_picked":["Dodge and Roll","Underhanded Strike"],"picked":"Well Laid Plans","floor":12},{"not_picked":["PiercingWail","Blade Dance"],"picked":"Tools of the Trade","floor":14},{"not_picked":["A Thousand Cuts","Phantasmal Killer"],"picked":"Envenom","floor":16},{"not_picked":["Tactician","Choke","Poisoned Stab"],"picked":"SKIP","floor":18},{"not_picked":["Dagger Spray","Finisher"],"picked":"Infinite Blades","floor":19},{"not_picked":["Dagger Throw","Deadly Poison+1"],"picked":"Cloak And Dagger+1","floor":21},{"not_picked":["Choke","Acrobatics","Malaise"],"picked":"SKIP","floor":24},{"not_picked":["Leg Sweep","Bane+1","Outmaneuver"],"picked":"SKIP","floor":31},{"not_picked":["Tools of the Trade","Malaise"],"picked":"Venomology","floor":33},{"not_picked":["Eviscerate","Quick Slash","Bane"],"picked":"SKIP","floor":35},{"not_picked":["Quick Slash+1","Cloak And Dagger"],"picked":"PiercingWail+1","floor":37},{"not_picked":["Trip","Flash of Steel"],"picked":"Bandage Up","floor":38},{"not_picked":["Slice+1","Cloak And Dagger+1"],"picked":"Deflect","floor":41},{"not_picked":["Underhanded Strike","Quick Slash+1","Dash+1"],"picked":"Backflip+1","floor":45},{"not_picked":["Sucker Punch+1","Well Laid Plans+1","Leg Sweep+1","Acrobatics+1"],"picked":"SKIP","floor":46},{"not_picked":["Skewer+1","Dodge and Roll+1","Leg Sweep"],"picked":"Accuracy","floor":47},{"not_picked":["Flying Knee+1","Calculated Gamble","Tools of the Trade","Distraction+1"],"picked":"SKIP","floor":48}],"player_experience":143977,"relics_obtained":[{"floor":7,"key":"Shovel"},{"floor":9,"key":"Happy Flower"},{"floor":15,"key":"Potion Belt"},{"floor":24,"key":"PreservedInsect"},{"floor":26,"key":"Paper Crane"},{"floor":30,"key":"War Paint"},{"floor":37,"key":"Ginger"},{"floor":40,"key":"Dead Branch"},{"floor":42,"key":"Regal Pillow"},{"floor":43,"key":"StoneCalendar"},{"floor":44,"key":"Question Card"},{"floor":47,"key":"Centennial Puzzle"}],"event_choices":[{"damage_healed":0,"gold_gain":0,"cards_transformed":["Strike_G","Strike_G"],"player_choice":"Became Test Subject","damage_taken":0,"max_hp_gain":0,"max_hp_loss":0,"event_name":"Drug Dealer","floor":20,"gold_loss":0,"cards_obtained":["Poisoned Stab","Leg Sweep"]},{"damage_healed":0,"gold_gain":0,"player_choice":"Simplicity","damage_taken":0,"max_hp_gain":0,"max_hp_loss":0,"event_name":"Back to Basics","floor":22,"gold_loss":0,"cards_upgraded":["Strike_G","Strike_G","Strike_G","Defend_G","Defend_G","Defend_G","Defend_G","Defend_G"]},{"cards_removed":["Phantasmal Killer"],"damage_healed":0,"gold_gain":0,"player_choice":"Gave Gold","damage_taken":0,"max_hp_gain":0,"max_hp_loss":0,"event_name":"Beggar","floor":29,"gold_loss":75},{"damage_healed":0,"gold_gain":0,"player_choice":"Fight","damage_taken":0,"max_hp_gain":0,"max_hp_loss":0,"event_name":"Mysterious Sphere","floor":37,"gold_loss":0},{"damage_healed":0,"gold_gain":0,"player_choice":"Memory 1","damage_taken":0,"max_hp_gain":0,"max_hp_loss":0,"event_name":"SensoryStone","floor":38,"gold_loss":0},{"damage_healed":0,"gold_gain":0,"player_choice":"Bought 3 Potions","damage_taken":0,"max_hp_gain":0,"max_hp_loss":0,"event_name":"The Woman in Blue","floor":39,"gold_loss":0}],"is_beta":false,"boss_relics":[{"not_picked":["Calling Bell","Snecko Eye"],"picked":"HoveringKite"},{"not_picked":["Cursed Key","Black Star"],"picked":"SacredBark"}],"items_purged_floors":[28,36],"is_endless":false,"potions_floor_spawned":[2,4,7,14,16,24,33,35,45],"ascension_level":0}