{"gold_per_floor":[112,132,132,32,52,79,79,92,115,115,127,127,139,156,156,253,253,253,253,253,153,153,153,153,153,153,153,153,153,153,153,153,153,153,153,28,28,28,28,28,28,28,28,28,28,28,28,28,28,28],"floor_reached":51,"playtime":2962,"items_purged":["Strike_G","Strike_G","Riddle With Holes"],"score":871,"play_id":"48f517fa-641e-48a1-a68f-693da785cb40","local_time":"20230819030936","is_ascension_mode":true,"campfire_choices":[{"data":"Neutralize","floor":10,"key":"SMITH"},{"data":"Accuracy","floor":12,"key":"SMITH"},{"data":"Sucker Punch","floor":15,"key":"SMITH"},{"data":"Infinite Blades","floor":23,"key":"SMITH"},{"data":"Burst","floor":25,"key":"SMITH"},{"data":"Footwork","floor":28,"key":"SMITH"},{"data":"Blade Dance","floor":32,"key":"SMITH"},{"data":"After Image","floor":41,"key":"SMITH"},{"floor":44,"key":"REST"},{"floor":49,"key":"REST"}],"neow_cost":"NONE","seed_source_timestamp":868042174407200,"circlet_count":0,"master_deck":["Survivor","Neutralize+1","Flying Knee","Sucker Punch+1","Blade Dance+1","Accuracy+1","Leg Sweep","Prepared","PiercingWail","Blade Dance","Burst+1","Infinite Blades+1","Footwork+1","Footwork+1","Footwork","Accuracy","Distraction","PiercingWail","Predator","Tools of the Trade","After Image+1","Distraction+1","Backflip+1","Infinite Blades+1","Prepared","Cloak And Dagger","Deflect"],"relics":["Ring of the Snake","Anchor","Tiny Chest","Orichalcum","Ectoplasm","Art of War","Bottled Lightning","Blue Candle","Pandora\u0027s Box","Boot","StoneCalendar","Paper Crane"],"potions_floor_usage":[6,31,35,37,40,46,50,50],"damage_taken":[{"damage":0,"enemies":"2 Louse","floor":1,"turns":2},{"damage":1,"enemies":"Jaw Worm","floor":2,"turns":4},{"damage":0,"enemies":"Cultist","floor":5,"turns":3},{"damage":17,"enemies":"3 Sentries","floor":6,"turns":10},{"damage":0,"enemies":"2 Fungi Beasts","floor":8,"turns":2},{"damage":0,"enemies":"Red Slaver","floor":11,"turns":3},{"damage":1,"enemies":"Lots of Slimes","floor":13,"turns":5},{"damage":0,"enemies":"Gremlin Gang","floor":14,"turns":6},{"damage":8,"enemies":"Slime Boss","floor":16,"turns":9},{"damage":0,"enemies":"Chosen","floor":18,"turns":3},{"damage":0,"enemies":"Shell Parasite","floor":20,"turns":4},{"damage":3,"enemies":"Book of Stabbing","floor":24,"turns":6},{"damage":0,"enemies":"Centurion and Healer","floor":29,"turns":8},{"damage":2,"enemies":"Snake Plant","floor":31,"turns":6},{"damage":1,"enemies":"Champ","floor":33,"turns":14},{"damage":8,"enemies":"Orb Walker","floor":35,"turns":3},{"damage":9,"enemies":"3 Shapes","floor":37,"turns":7},{"damage":9,"enemies":"3 Darklings","floor":39,"turns":3},{"damage":23,"enemies":"Nemesis","floor":40,"turns":5},{"damage":14,"enemies":"Transient","floor":42,"turns":5},{"damage":0,"enemies":"Writhing Mass","floor":45,"turns":7},{"damage":9,"enemies":"3 Darklings","floor":46,"turns":5},{"damage":0,"enemies":"Jaw Worm Horde","floor":48,"turns":4},{"damage":2,"enemies":"Time Eater","floor":50,"turns":12}],"seed_played":"-2823085626540682900","potions_obtained":[{"floor":2,"key":"SkillPotion"},{"floor":6,"key":"Block Potion"},{"floor":8,"key":"Swift Potion"},{"floor":13,"key":"GamblersBrew"},{"floor":16,"key":"Block Potion"},{"floor":18,"key":"BlessingOfTheForge"},{"floor":29,"key":"LiquidMemories"},{"floor":33,"key":"SkillPotion"},{"floor":37,"key":"GamblersBrew"},{"floor":40,"key":"Strength Potion"},{"floor":42,"key":"DuplicationPotion"},{"floor":46,"key":"SpeedPotion"},{"floor":48,"key":"FairyPotion"}],"is_trial":false,"path_per_floor":["M","M","?","$","M","E","?","M","T","R","M","R","M","M","R","B",null,"M","?","M","$","?","R","E","R","T","T","R","M","?","M","R","B",null,"M","$","M","T","M","E","R","M","T","R","M","M","?","M","R","B",null],"character_chosen":"THE_SILENT","items_purchased":["Blade Dance"],"campfire_rested":2,"item_purchase_floors":[4],"current_hp_per_floor":[63,62,55,55,55,38,24,24,24,24,24,24,23,23,23,15,56,56,56,56,56,56,56,53,53,53,53,53,53,53,51,51,50,65,57,57,48,48,39,16,16,2,2,23,23,14,14,14,35,33],"gold":28,"neow_bonus":"RANDOM_COMMON_RELIC","is_prod":false,"is_daily":false,"chose_seed":false,"campfire_upgraded":8,"win_rate":0,"timestamp":1692439776,"path_taken":["M","M","?","$","M","E","?","M","T","R","M","R","M","M","R","BOSS","M","?","M","$","?","R","E","R","T","?","R","?","?","?","R","BOSS","M","$","M","?","?","E","R","?","T","R","M","M","?","M","R","BOSS"],"build_version":"2022-12-18","purchased_purges":3,"victory":true,"max_hp_per_floor":[70,70,70,70,70,70,70,70,70,70,70,70,70,70,70,70,70,70,70,70,70,70,70,70,70,70,70,70,70,70,70,70,70,70,70,70,70,70,70,70,70,70,70,70,70,70,70,70,70,70],"card_choices":[{"not_picked":["Sucker Punch","Acrobatics"],"picked":"Flying Knee","floor":1},{"not_picked":["Bane","Masterful Stab"],"picked":"Sucker Punch","floor":2},{"not_picked":["Outmaneuver","Well Laid Plans"],"picked":"Accuracy","floor":5},{"not_picked":["Flechettes","Quick Slash"],"picked":"Leg Sweep","floor":6},{"not_picked":["Underhanded Strike","Slice"],"picked":"Prepared","floor":8},{"not_picked":["Distraction","Tools of the Trade"],"picked":"PiercingWail","floor":11},{"not_picked":["Dodge and Roll","Setup","Flechettes"],"picked":"SKIP","floor":13},{"not_picked":["Slice","Quick Slash"],"picked":"Blade Dance","floor":14},{"not_picked":["Tools of the Trade","Corpse Explosion"],"picked":"Burst","floor":16},{"not_picked":["Outmaneuver","Dagger Spray","Dodge and Roll"],"picked":"SKIP","floor":18},{"not_picked":["Dagger Spray","Doppelganger"],"picked":"Infinite Blades","floor":20},{"not_picked":["Bane+1","Dagger Throw"],"picked":"Footwork","floor":24},{"not_picked":["Endless Agony","Dodge and Roll+1","Sucker Punch"],"picked":"SKIP","floor":29},{"not_picked":["Acrobatics","Blur"],"picked":"Footwork","floor":31},{"not_picked":["Dash+1","Flying Knee+1"],"picked":"Distraction+1","floor":35},{"not_picked":["Predator","Poisoned Stab+1"],"picked":"Backflip+1","floor":37},{"not_picked":["Quick Slash","Bane+1"],"picked":"Infinite Blades+1","floor":39},{"not_picked":["Skewer+1","Bouncing Flask"],"picked":"Prepared","floor":40},{"not_picked":["Infinite Blades","Underhanded Strike"],"picked":"Cloak And Dagger","floor":42},{"not_picked":["PiercingWail+1","Quick Slash+1"],"picked":"Deflect","floor":45},{"not_picked":["Sucker Punch+1","Catalyst","Concentrate+1"],"picked":"SKIP","floor":46},{"not_picked":["Concentrate+1","Dagger Spray","Flechettes"],"picked":"SKIP","floor":48}],"player_experience":298072,"relics_obtained":[{"floor":6,"key":"Tiny Chest"},{"floor":9,"key":"Orichalcum"},{"floor":24,"key":"Art of War"},{"floor":26,"key":"Bottled Lightning"},{"floor":27,"key":"Blue Candle"},{"floor":38,"key":"Boot"},{"floor":40,"key":"StoneCalendar"},{"floor":43,"key":"Paper Crane"}],"event_choices":[{"cards_removed":["Strike_G"],"damage_healed":0,"gold_gain":0,"player_choice":"Card Removal","damage_taken":7,"max_hp_gain":0,"max_hp_loss":0,"event_name":"Golden Wing","floor":3,"gold_loss":0},{"damage_healed":0,"gold_gain":0,"player_choice":"Entered Light","damage_taken":14,"max_hp_gain":0,"max_hp_loss":0,"event_name":"Shining Light","floor":7,"gold_loss":0,"cards_upgraded":["Defend_G","Defend_G"]},{"damage_healed":0,"gold_gain":0,"player_choice":"Ignored","damage_taken":0,"max_hp_gain":0,"max_hp_loss":0,"event_name":"The Mausoleum","floor":19,"gold_loss":0},{"damage_healed":0,"gold_gain":0,"player_choice":"Read","damage_taken":0,"max_hp_gain":0,"max_hp_loss":0,"event_name":"The Library","floor":22,"gold_loss":0,"cards_obtained":["Footwork"]},{"damage_healed":0,"gold_gain":0,"player_choice":"Upgraded","damage_taken":0,"max_hp_gain":0,"max_hp_loss":0,"event_name":"Upgrade Shrine","floor":30,"gold_loss":0,"cards_upgraded":["Footwork"]},{"damage_healed":0,"gold_gain":0,"player_choice":"Ignored","damage_taken":0,"max_hp_gain":0,"max_hp_loss":0,"event_name":"Mysterious Sphere","floor":47,"gold_loss":0}],"is_beta":false,"boss_relics":[{"not_picked":["HoveringKite","Cursed Key"],"picked":"Ectoplasm"},{"not_picked":["Velvet Choker","Fusion Hammer"],"picked":"Pandora\u0027s Box"}],"items_purged_floors":[4,21,36],"is_endless":false,"potions_floor_spawned":[2,6,8,13,16,18,24,29,33,37,40,42,46,48],"ascension_level":6}