{"gold_per_floor":[113,188,41,53,66,66,76,76,103,114,114,143,162,189,189,300,300,319,5,26,47,0,20,38,38,112,112,112,112,112,123,123,233,233,243,293,293,17,35,66,66,81,81,81,116,140,140,149,149,149],"floor_reached":51,"playtime":2983,"items_purged":["Strike_G","Strike_G","Strike_G+1"],"score":819,"play_id":"77693ce6-c5c8-4713-97c7-66dde73bfbcd","local_time":"20230815121711","is_ascension_mode":true,"campfire_choices":[{"data":"Backflip","floor":6,"key":"SMITH"},{"data":"Neutralize","floor":8,"key":"SMITH"},{"data":"Noxious Fumes","floor":11,"key":"SMITH"},{"data":"Defend_G","floor":15,"key":"SMITH"},{"data":"Footwork","floor":25,"key":"SMITH"},{"floor":30,"key":"REST"},{"data":"Distraction","floor":32,"key":"SMITH"},{"data":"Burst","floor":44,"key":"SMITH"},{"data":"Catalyst","floor":47,"key":"SMITH"},{"data":"Deflect","floor":49,"key":"SMITH"}],"neow_cost":"NONE","seed_source_timestamp":555259891302500,"circlet_count":0,"master_deck":["Defend_G+1","Defend_G+1","Defend_G+1","Defend_G+1","Defend_G+1","Survivor","Neutralize+1","Blade Dance","Noxious Fumes","Backflip+1","Noxious Fumes+1","Catalyst+1","Corpse Explosion","Distraction+1","Footwork+1","PiercingWail+1","Deflect+1","Catalyst","Burst+1","PiercingWail+1","Writhe"],"relics":["Ring of the Snake","Centennial Puzzle","Bag of Preparation","Juzu Bracelet","CeramicFish","Philosopher\u0027s Stone","Blood Vial","Letter Opener","Busted Crown","Unceasing Top","TwistedFunnel","Prayer Wheel","Ornamental Fan","Meat on the Bone"],"potions_floor_usage":[12,14,45,45,50,50,50],"damage_taken":[{"damage":0,"enemies":"Jaw Worm","floor":1,"turns":6},{"damage":0,"enemies":"Cultist","floor":4,"turns":4},{"damage":1,"enemies":"2 Louse","floor":5,"turns":2},{"damage":4,"enemies":"Blue Slaver","floor":7,"turns":5},{"damage":1,"enemies":"Exordium Wildlife","floor":10,"turns":4},{"damage":1,"enemies":"Lagavulin","floor":12,"turns":6},{"damage":0,"enemies":"2 Fungi Beasts","floor":13,"turns":3},{"damage":17,"enemies":"Gremlin Nob","floor":14,"turns":4},{"damage":12,"enemies":"The Guardian","floor":16,"turns":9},{"damage":7,"enemies":"Shell Parasite","floor":18,"turns":5},{"damage":14,"enemies":"Spheric Guardian","floor":20,"turns":5},{"damage":12,"enemies":"Snecko","floor":21,"turns":5},{"damage":5,"enemies":"Centurion and Healer","floor":23,"turns":4},{"damage":0,"enemies":"Cultist and Chosen","floor":31,"turns":4},{"damage":17,"enemies":"Collector","floor":33,"turns":8},{"damage":6,"enemies":"3 Darklings","floor":35,"turns":3},{"damage":19,"enemies":"Mind Bloom Boss Battle","floor":36,"turns":7},{"damage":1,"enemies":"3 Shapes","floor":39,"turns":2},{"damage":5,"enemies":"Giant Head","floor":40,"turns":8},{"damage":0,"enemies":"3 Darklings","floor":42,"turns":3},{"damage":9,"enemies":"Reptomancer","floor":45,"turns":5},{"damage":0,"enemies":"4 Shapes","floor":46,"turns":1},{"damage":7,"enemies":"Donu and Deca","floor":50,"turns":4}],"seed_played":"-7124902665910910252","potions_obtained":[{"floor":1,"key":"PowerPotion"},{"floor":5,"key":"EssenceOfSteel"},{"floor":7,"key":"DuplicationPotion"},{"floor":12,"key":"CunningPotion"},{"floor":21,"key":"FearPotion"},{"floor":39,"key":"PowerPotion"},{"floor":45,"key":"PowerPotion"},{"floor":46,"key":"Strength Potion"}],"is_trial":false,"path_per_floor":["M","?","$","M","M","R","M","R","T","M","R","E","M","E","R","B",null,"M","$","M","M","?","M","?","R","T","$","?","?","R","M","R","B",null,"M","?","?","$","M","E","?","M","T","R","E","M","R","?","R","B",null],"character_chosen":"THE_SILENT","items_purchased":["Noxious Fumes","Footwork","Blood Vial","TwistedFunnel"],"campfire_rested":1,"item_purchase_floors":[3,19,19,38],"current_hp_per_floor":[70,63,63,63,62,62,58,58,58,57,57,56,56,39,39,27,70,63,63,51,41,41,38,38,38,38,38,38,25,47,49,49,34,75,69,52,52,52,53,50,50,52,52,52,45,47,47,66,66,61],"gold":149,"neow_bonus":"RANDOM_COMMON_RELIC","is_prod":false,"is_daily":false,"chose_seed":false,"campfire_upgraded":9,"win_rate":0,"timestamp":1692127031,"path_taken":["M","?","$","?","M","R","M","R","T","M","R","E","M","E","R","BOSS","M","$","M","M","?","M","?","R","T","?","?","?","R","M","R","BOSS","M","?","?","$","M","E","?","M","T","R","E","M","R","?","R","BOSS"],"build_version":"2022-12-18","purchased_purges":3,"victory":true,"max_hp_per_floor":[70,70,70,70,70,70,70,70,70,70,70,70,70,70,70,70,70,70,70,70,70,70,70,70,70,70,70,70,75,75,75,75,75,75,75,75,75,75,75,75,75,75,75,75,75,75,75,75,75,75],"card_choices":[{"not_picked":["Outmaneuver","Endless Agony"],"picked":"Blade Dance","floor":1},{"not_picked":["Distraction","Underhanded Strike"],"picked":"Backflip","floor":4},{"not_picked":["Dodge and Roll","Deflect"],"picked":"Noxious Fumes","floor":5},{"not_picked":["Dagger Throw","Crippling Poison"],"picked":"Catalyst","floor":7},{"not_picked":["Well Laid Plans","Acrobatics","Calculated Gamble"],"picked":"SKIP","floor":10},{"not_picked":["Calculated Gamble","Backstab","Dagger Spray"],"picked":"SKIP","floor":12},{"not_picked":["Die Die Die","Cloak And Dagger","Outmaneuver"],"picked":"SKIP","floor":13},{"not_picked":["Outmaneuver","Flying Knee","Acrobatics"],"picked":"SKIP","floor":14},{"not_picked":["Bullet Time","Tools of the Trade"],"picked":"Corpse Explosion","floor":16},{"not_picked":["Quick Slash","Underhanded Strike"],"picked":"Distraction","floor":18},{"not_picked":["Poisoned Stab","Leg Sweep"],"picked":"PiercingWail+1","floor":20},{"not_picked":["Cloak And Dagger","Choke"],"picked":"Deflect","floor":21},{"not_picked":["Setup+1","Tactician","Blade Dance+1"],"picked":"SKIP","floor":23},{"not_picked":["Dagger Throw","Distraction","Wraith Form v2"],"picked":"SKIP","floor":31},{"not_picked":["Venomology","Unload"],"picked":"Burst","floor":33},{"not_picked":["Endless Agony+1"],"picked":"SKIP","floor":35},{"not_picked":["Dagger Spray"],"picked":"SKIP","floor":39},{"not_picked":["Backstab+1"],"picked":"SKIP","floor":40},{"not_picked":["Dagger Spray"],"picked":"SKIP","floor":42},{"not_picked":["Riddle With Holes+1"],"picked":"SKIP","floor":42},{"not_picked":["Tactician+1"],"picked":"SKIP","floor":45},{"not_picked":[],"picked":"PiercingWail+1","floor":46},{"not_picked":["Deadly Poison"],"picked":"SKIP","floor":46}],"player_experience":249337,"relics_obtained":[{"floor":9,"key":"Bag of Preparation"},{"floor":12,"key":"Juzu Bracelet"},{"floor":14,"key":"CeramicFish"},{"floor":26,"key":"Letter Opener"},{"floor":36,"key":"Unceasing Top"},{"floor":40,"key":"Prayer Wheel"},{"floor":43,"key":"Ornamental Fan"},{"floor":45,"key":"Meat on the Bone"}],"event_choices":[{"damage_healed":0,"gold_gain":75,"player_choice":"Touch","damage_taken":7,"max_hp_gain":0,"max_hp_loss":0,"event_name":"FaceTrader","floor":2,"gold_loss":0},{"damage_healed":0,"gold_gain":0,"player_choice":"Paid Fearfully","damage_taken":0,"max_hp_gain":0,"max_hp_loss":0,"event_name":"Masked Bandits","floor":22,"gold_loss":47},{"damage_healed":0,"gold_gain":0,"cards_transformed":["Strike_G","Strike_G"],"player_choice":"Became Test Subject","damage_taken":0,"max_hp_gain":0,"max_hp_loss":0,"event_name":"Drug Dealer","floor":24,"gold_loss":0,"cards_obtained":["A Thousand Cuts","Catalyst"]},{"damage_healed":0,"gold_gain":0,"player_choice":"Simplicity","damage_taken":0,"max_hp_gain":0,"max_hp_loss":0,"event_name":"Back to Basics","floor":28,"gold_loss":0,"cards_upgraded":["Strike_G","Defend_G","Defend_G","Defend_G","Defend_G"]},{"damage_healed":0,"gold_gain":0,"player_choice":"Shed Blood","damage_taken":18,"max_hp_gain":5,"max_hp_loss":0,"event_name":"Forgotten Altar","floor":29,"gold_loss":0},{"damage_healed":0,"gold_gain":0,"player_choice":"Fight","damage_taken":0,"max_hp_gain":0,"max_hp_loss":0,"event_name":"MindBloom","floor":36,"gold_loss":0},{"damage_healed":0,"gold_gain":0,"player_choice":"Ignored","damage_taken":0,"max_hp_gain":0,"max_hp_loss":0,"event_name":"Tomb of Lord Red Mask","floor":37,"gold_loss":0},{"cards_removed":["A Thousand Cuts"],"damage_healed":0,"gold_gain":0,"player_choice":"Removed Power","damage_taken":0,"max_hp_gain":0,"max_hp_loss":0,"event_name":"Falling","floor":41,"gold_loss":0},{"damage_healed":19,"gold_gain":0,"player_choice":"Writhe","damage_taken":0,"max_hp_gain":0,"max_hp_loss":0,"event_name":"Winding Halls","floor":48,"gold_loss":0,"cards_obtained":["Writhe"]}],"is_beta":false,"boss_relics":[{"not_picked":["Fusion Hammer","Snecko Eye"],"picked":"Philosopher\u0027s Stone"},{"not_picked":["Pandora\u0027s Box","Coffee Dripper"],"picked":"Busted Crown"}],"items_purged_floors":[3,19,38],"is_endless":false,"potions_floor_spawned":[1,5,7,12,21,31,39,45,46],"ascension_level":3}