{"gold_per_floor":[114,114,125,136,147,147,158,108,187,187,204,220,248,23,23,23],"floor_reached":16,"playtime":745,"items_purged":["Strike_G"],"score":156,"play_id":"85705154-2ef6-44da-bff5-b0494c971851","local_time":"20230824213054","is_ascension_mode":true,"campfire_choices":[{"data":"Neutralize","floor":6,"key":"SMITH"},{"data":"Cloak And Dagger","floor":10,"key":"SMITH"},{"data":"Footwork","floor":15,"key":"SMITH"}],"neow_cost":"NONE","seed_source_timestamp":1368354649057600,"circlet_count":0,"master_deck":["AscendersBane","Strike_G","Strike_G","Strike_G","Defend_G","Defend_G","Defend_G","Defend_G","Defend_G","Survivor","Neutralize+1","Escape Plan","Dagger Spray","Cloak And Dagger+1","Deflect","Backflip","Deflect+1","Distraction+1","Footwork+1"],"relics":["Ring of the Snake","Toxic Egg 2","TwistedFunnel"],"potions_floor_usage":[3,13,13,16],"damage_taken":[{"damage":7,"enemies":"Jaw Worm","floor":1,"turns":5},{"damage":3,"enemies":"Cultist","floor":3,"turns":6},{"damage":0,"enemies":"Small Slimes","floor":4,"turns":3},{"damage":9,"enemies":"Blue Slaver","floor":5,"turns":5},{"damage":0,"enemies":"Looter","floor":7,"turns":4},{"damage":6,"enemies":"Exordium Wildlife","floor":11,"turns":4},{"damage":2,"enemies":"2 Fungi Beasts","floor":12,"turns":4},{"damage":18,"enemies":"3 Sentries","floor":13,"turns":10},{"damage":39,"enemies":"Hexaghost","floor":16,"turns":16}],"seed_played":"-4484702018773377984","potions_obtained":[{"floor":0,"key":"SteroidPotion"},{"floor":0,"key":"AttackPotion"},{"floor":0,"key":"AttackPotion"},{"floor":1,"key":"Regen Potion"},{"floor":2,"key":"Fruit Juice"},{"floor":2,"key":"FearPotion"},{"floor":5,"key":"SteroidPotion"},{"floor":12,"key":"BlessingOfTheForge"}],"is_trial":false,"path_per_floor":["M","?","M","M","M","R","M","?","T","R","M","M","E","$","R","B"],"character_chosen":"THE_SILENT","items_purchased":["TwistedFunnel"],"campfire_rested":0,"item_purchase_floors":[14],"current_hp_per_floor":[56,56,58,58,49,49,49,49,49,49,43,41,38,38,38,0],"gold":23,"neow_bonus":"THREE_SMALL_POTIONS","is_prod":false,"is_daily":false,"chose_seed":false,"campfire_upgraded":3,"win_rate":0,"timestamp":1692937854,"path_taken":["M","?","?","M","M","R","M","?","T","R","M","M","E","$","R","BOSS"],"build_version":"2022-12-18","purchased_purges":1,"victory":false,"max_hp_per_floor":[70,70,75,75,75,75,75,75,75,75,75,75,75,75,75,75],"card_choices":[{"not_picked":["Prepared","Endless Agony"],"picked":"Escape Plan","floor":1},{"not_picked":["Catalyst","Outmaneuver"],"picked":"Dagger Spray","floor":3},{"not_picked":["Bullet Time","Choke"],"picked":"Cloak And Dagger","floor":4},{"not_picked":["Leg Sweep","Quick Slash"],"picked":"Deflect","floor":5},{"not_picked":["Distraction","Acrobatics"],"picked":"Backflip","floor":7},{"not_picked":["Catalyst+1","Quick Slash"],"picked":"Deflect+1","floor":11},{"not_picked":["Outmaneuver+1","Concentrate+1"],"picked":"Distraction+1","floor":12},{"not_picked":["Sucker Punch","Flechettes"],"picked":"Footwork","floor":13}],"player_experience":366445,"relics_obtained":[{"floor":9,"key":"Toxic Egg 2"}],"event_choices":[{"damage_healed":0,"gold_gain":0,"player_choice":"Got Potions","damage_taken":0,"max_hp_gain":0,"max_hp_loss":0,"event_name":"Lab","floor":2,"gold_loss":0},{"cards_removed":["Strike_G"],"damage_healed":0,"gold_gain":0,"player_choice":"Card Removal","damage_taken":0,"max_hp_gain":0,"max_hp_loss":0,"event_name":"The Cleric","floor":8,"gold_loss":50}],"is_beta":false,"boss_relics":[],"items_purged_floors":[14],"is_endless":false,"potions_floor_spawned":[1,5,12,13],"killed_by":"Hexaghost","ascension_level":10}