{"gold_per_floor":[116,136,156,231,29,29,59,59,59,59,89,119,119,165,165,263,263,252,263,263,263,263,263,278,291,314,333,58,91,28,44,44,145,145,160,160,172,62,72,72,91,91,116,116,148,148,15,28,28,28],"floor_reached":51,"playtime":2582,"items_purged":["Strike_G","Strike_G","Strike_G","Accuracy"],"score":1080,"play_id":"3df58a30-b83c-41c0-9fa2-1c29967b14f5","local_time":"20230824222144","is_ascension_mode":true,"campfire_choices":[{"data":"Neutralize","floor":6,"key":"SMITH"},{"data":"Deadly Poison","floor":8,"key":"SMITH"},{"data":"Leg Sweep","floor":13,"key":"SMITH"},{"data":"Infinite Blades","floor":15,"key":"SMITH"},{"data":"PiercingWail","floor":23,"key":"SMITH"},{"data":"Footwork","floor":32,"key":"SMITH"},{"data":"Deadly Poison","floor":40,"key":"SMITH"},{"data":"Deadly Poison","floor":42,"key":"SMITH"},{"data":"Cloak And Dagger","floor":46,"key":"SMITH"},{"floor":49,"key":"REST"}],"neow_cost":"NONE","seed_source_timestamp":1369548956422100,"circlet_count":0,"master_deck":["AscendersBane","Defend_G+1","Defend_G","Defend_G","Defend_G","Survivor","Neutralize+1","Dagger Throw","Deflect+1","PiercingWail+1","Deadly Poison+1","Leg Sweep+1","Infinite Blades+1","Footwork+1","Blade Dance","Bandage Up","Cloak And Dagger+1","Deadly Poison+1","Deadly Poison+1","Blade Dance+1","Footwork+1","Master of Strategy","Bandage Up"],"relics":["Ring of the Snake","Singing Bowl","Kunai","Bronze Scales","War Paint","Busted Crown","Orichalcum","Happy Flower","Membership Card","Pear","WristBlade","Omamori","Snake Skull"],"potions_floor_usage":[12,12,12,16,33,50,50],"damage_taken":[{"damage":0,"enemies":"Jaw Worm","floor":1,"turns":6},{"damage":0,"enemies":"2 Louse","floor":2,"turns":2},{"damage":3,"enemies":"Small Slimes","floor":3,"turns":4},{"damage":20,"enemies":"Lagavulin","floor":7,"turns":10},{"damage":13,"enemies":"3 Sentries","floor":12,"turns":12},{"damage":16,"enemies":"The Guardian","floor":16,"turns":12},{"damage":0,"enemies":"2 Thieves","floor":18,"turns":4},{"damage":0,"enemies":"Chosen","floor":19,"turns":6},{"damage":3,"enemies":"Snake Plant","floor":24,"turns":5},{"damage":0,"enemies":"Shelled Parasite and Fungi","floor":25,"turns":8},{"damage":0,"enemies":"Centurion and Healer","floor":27,"turns":12},{"damage":36,"enemies":"Slavers","floor":29,"turns":10},{"damage":0,"enemies":"Snecko","floor":31,"turns":8},{"damage":9,"enemies":"Automaton","floor":33,"turns":13},{"damage":0,"enemies":"Orb Walker","floor":35,"turns":4},{"damage":0,"enemies":"3 Shapes","floor":37,"turns":5},{"damage":19,"enemies":"Transient","floor":39,"turns":5},{"damage":12,"enemies":"Sphere and 2 Shapes","floor":41,"turns":6},{"damage":40,"enemies":"Nemesis","floor":45,"turns":9},{"damage":0,"enemies":"Maw","floor":48,"turns":6},{"damage":43,"enemies":"Awakened One","floor":50,"turns":14}],"seed_played":"-3864230222263058638","potions_obtained":[{"floor":3,"key":"Energy Potion"},{"floor":7,"key":"BlessingOfTheForge"},{"floor":12,"key":"Swift Potion"},{"floor":19,"key":"Poison Potion"},{"floor":24,"key":"Weak Potion"},{"floor":27,"key":"FairyPotion"},{"floor":31,"key":"Dexterity Potion"},{"floor":37,"key":"EssenceOfSteel"},{"floor":48,"key":"DuplicationPotion"}],"is_trial":false,"path_per_floor":["M","M","M","?","$","R","E","R","T","?","?","E","R","T","R","B",null,"M","M","?","T","?","R","M","M","T","M","$","E","$","M","R","B",null,"M","?","M","$","M","R","M","R","T","?","E","R","$","M","R","B",null],"character_chosen":"THE_SILENT","items_purchased":["Deadly Poison","Regen Potion","Membership Card","Bandage Up","Strength Potion","Accuracy","Master of Strategy","Bandage Up"],"campfire_rested":1,"item_purchase_floors":[5,5,28,28,28,38,47,47],"current_hp_per_floor":[63,63,60,49,49,49,29,29,29,29,29,31,31,31,31,17,58,60,62,62,62,62,62,59,61,61,61,61,41,41,47,47,44,82,88,88,92,92,77,77,69,69,69,69,35,35,35,45,75,40],"gold":28,"neow_bonus":"REMOVE_CARD","is_prod":false,"is_daily":false,"chose_seed":false,"campfire_upgraded":9,"win_rate":0,"timestamp":1692940904,"path_taken":["M","M","M","?","$","R","E","R","T","?","?","E","R","?","R","BOSS","M","M","?","?","?","R","M","?","T","M","$","E","$","M","R","BOSS","M","?","M","$","M","R","?","R","T","?","E","R","$","?","R","BOSS"],"build_version":"2022-12-18","purchased_purges":4,"victory":true,"max_hp_per_floor":[70,70,70,70,70,70,70,70,70,70,70,70,70,70,70,72,72,74,76,76,76,76,76,76,78,78,78,78,90,90,92,92,94,94,96,96,96,96,96,96,96,96,96,96,98,98,98,100,100,100],"card_choices":[{"not_picked":["Acrobatics","Underhanded Strike"],"picked":"Dagger Throw","floor":1},{"not_picked":["Flying Knee","Tactician"],"picked":"Deflect","floor":2},{"not_picked":["Backflip","Prepared"],"picked":"PiercingWail","floor":3},{"not_picked":["Slice","Outmaneuver"],"picked":"Leg Sweep","floor":7},{"not_picked":["All Out Attack","Night Terror"],"picked":"Infinite Blades","floor":12},{"not_picked":["A Thousand Cuts","Bullet Time","Grand Finale"],"picked":"Singing Bowl","floor":16},{"not_picked":["Setup"],"picked":"Singing Bowl","floor":18},{"not_picked":["Outmaneuver"],"picked":"Singing Bowl","floor":19},{"not_picked":[],"picked":"Footwork","floor":24},{"not_picked":["Tactician"],"picked":"Singing Bowl","floor":25},{"not_picked":[],"picked":"Blade Dance","floor":27},{"not_picked":["Endless Agony"],"picked":"Singing Bowl","floor":29},{"not_picked":["Reflex"],"picked":"Singing Bowl","floor":31},{"not_picked":["A Thousand Cuts"],"picked":"Singing Bowl","floor":33},{"not_picked":["All Out Attack"],"picked":"Singing Bowl","floor":35},{"not_picked":[],"picked":"Deadly Poison","floor":37},{"not_picked":[],"picked":"Deadly Poison","floor":39},{"not_picked":[],"picked":"Blade Dance+1","floor":41},{"not_picked":["Sucker Punch"],"picked":"Singing Bowl","floor":45},{"not_picked":["Flechettes"],"picked":"Singing Bowl","floor":48}],"player_experience":367190,"relics_obtained":[{"floor":7,"key":"Singing Bowl"},{"floor":9,"key":"Kunai"},{"floor":12,"key":"Bronze Scales"},{"floor":14,"key":"War Paint"},{"floor":21,"key":"Orichalcum"},{"floor":26,"key":"Happy Flower"},{"floor":29,"key":"Pear"},{"floor":43,"key":"Omamori"},{"floor":45,"key":"Snake Skull"}],"event_choices":[{"damage_healed":0,"gold_gain":75,"player_choice":"Gather Gold","damage_taken":11,"max_hp_gain":0,"max_hp_loss":0,"event_name":"World of Goop","floor":4,"gold_loss":0},{"cards_removed":["Strike_G"],"damage_healed":0,"gold_gain":0,"player_choice":"Forget","damage_taken":0,"max_hp_gain":0,"max_hp_loss":0,"event_name":"Living Wall","floor":10,"gold_loss":0},{"damage_healed":0,"gold_gain":30,"player_choice":"Searched \u00271\u0027 times","damage_taken":0,"max_hp_gain":0,"max_hp_loss":0,"event_name":"Dead Adventurer","floor":11,"gold_loss":0},{"damage_healed":0,"gold_gain":0,"player_choice":"Ignored","damage_taken":0,"max_hp_gain":0,"max_hp_loss":0,"event_name":"Vampires","floor":20,"gold_loss":0},{"damage_healed":0,"gold_gain":0,"player_choice":"Ignored","damage_taken":0,"max_hp_gain":0,"max_hp_loss":0,"event_name":"The Mausoleum","floor":22,"gold_loss":0},{"damage_healed":0,"gold_gain":0,"cards_transformed":["Defend_G"],"player_choice":"Transformed","damage_taken":0,"max_hp_gain":0,"max_hp_loss":0,"event_name":"Transmorgrifier","floor":36,"gold_loss":0,"cards_obtained":["Cloak And Dagger"]},{"damage_healed":0,"gold_gain":0,"player_choice":"Copied","damage_taken":0,"max_hp_gain":0,"max_hp_loss":0,"event_name":"Duplicator","floor":44,"gold_loss":0,"cards_obtained":["Footwork"]}],"is_beta":false,"boss_relics":[{"not_picked":["SlaversCollar","Ectoplasm"],"picked":"Busted Crown"},{"not_picked":["Fusion Hammer","Empty Cage"],"picked":"WristBlade"}],"items_purged_floors":[5,28,30,38],"is_endless":false,"potions_floor_spawned":[3,7,12,19,24,27,31,37,45,48],"ascension_level":10}