{"gold_per_floor":[119,139,214,232,244,244,276,276,276,148,162,195,195,52,52,154,154,171,191,191,207,62,62,62,88,88,88,88,100,100,118,118,219,269,286,303,303,317,332,332,662,662,662,662,713,731,122,133,133,133],"floor_reached":51,"playtime":3344,"items_purged":["Strike_G","Strike_G","Strike_G"],"score":853,"play_id":"b1675539-d272-4c06-bf33-d365dcfc4d7d","local_time":"20230814201818","is_ascension_mode":true,"campfire_choices":[{"data":"Cloak And Dagger","floor":6,"key":"SMITH"},{"data":"Defend_G","floor":8,"key":"SMITH"},{"floor":13,"key":"REST"},{"data":"Footwork","floor":15,"key":"SMITH"},{"data":"Defend_G","floor":23,"key":"SMITH"},{"data":"Terror","floor":27,"key":"SMITH"},{"floor":30,"key":"REST"},{"data":"Defend_G","floor":32,"key":"SMITH"},{"data":"Distraction","floor":40,"key":"SMITH"},{"data":"Survivor","floor":42,"key":"SMITH"},{"floor":44,"key":"DIG"},{"floor":49,"key":"REST"}],"neow_cost":"NONE","seed_source_timestamp":497349323485500,"circlet_count":0,"master_deck":["Strike_G","Strike_G","Defend_G+1","Defend_G+1","Defend_G+1","Defend_G+1","Defend_G+1","Survivor+1","Neutralize+1","Cloak And Dagger+1","Calculated Gamble","Blade Dance","Deadly Poison","Footwork+1","PiercingWail","Adrenaline","Slice","Distraction+1","Blade Dance","Terror+1","Prepared+1","Slice","Terror+1","Accuracy+1","PiercingWail+1","PiercingWail+1","Phantasmal Killer+1","Backflip+1","Accuracy","Blade Dance+1","Master of Strategy+1","Noxious Fumes","Deflect+1"],"relics":["Ring of the Snake","Bronze Scales","Centennial Puzzle","Mummified Hand","Lee\u0027s Waffle","WristBlade","Strawberry","Toxic Egg 2","Tiny House","Old Coin","Shovel","Pocketwatch","Regal Pillow","Orrery"],"potions_floor_usage":[16,21,33,38,50,50,50],"damage_taken":[{"damage":0,"enemies":"Jaw Worm","floor":1,"turns":5},{"damage":2,"enemies":"2 Louse","floor":2,"turns":4},{"damage":0,"enemies":"Small Slimes","floor":4,"turns":5},{"damage":15,"enemies":"2 Fungi Beasts","floor":5,"turns":4},{"damage":12,"enemies":"3 Sentries","floor":7,"turns":13},{"damage":10,"enemies":"Gremlin Gang","floor":11,"turns":4},{"damage":14,"enemies":"Gremlin Nob","floor":12,"turns":5},{"damage":0,"enemies":"The Guardian","floor":16,"turns":12},{"damage":12,"enemies":"Shell Parasite","floor":18,"turns":6},{"damage":0,"enemies":"2 Thieves","floor":19,"turns":3},{"damage":9,"enemies":"Chosen and Byrds","floor":21,"turns":7},{"damage":18,"enemies":"Book of Stabbing","floor":25,"turns":4},{"damage":1,"enemies":"Centurion and Healer","floor":29,"turns":5},{"damage":2,"enemies":"3 Cultists","floor":31,"turns":4},{"damage":36,"enemies":"Champ","floor":33,"turns":11},{"damage":2,"enemies":"3 Darklings","floor":35,"turns":3},{"damage":3,"enemies":"Orb Walker","floor":36,"turns":2},{"damage":37,"enemies":"Transient","floor":38,"turns":5},{"damage":1,"enemies":"3 Darklings","floor":39,"turns":4},{"damage":6,"enemies":"Giant Head","floor":41,"turns":7},{"damage":0,"enemies":"Writhing Mass","floor":46,"turns":6},{"damage":0,"enemies":"Maw","floor":48,"turns":5},{"damage":24,"enemies":"Donu and Deca","floor":50,"turns":6}],"seed_played":"-5684247916079141888","potions_obtained":[{"floor":11,"key":"Energy Potion"},{"floor":12,"key":"EssenceOfSteel"},{"floor":16,"key":"Block Potion"},{"floor":21,"key":"LiquidMemories"},{"floor":34,"key":"Ancient Potion"},{"floor":36,"key":"EssenceOfSteel"},{"floor":38,"key":"Weak Potion"}],"is_trial":false,"path_per_floor":["M","M","?","M","M","R","E","R","T","$","M","E","R","$","R","B",null,"M","M","?","M","$","R","?","E","T","R","?","M","R","M","R","B",null,"M","M","?","M","M","R","E","R","T","R","T","M","$","M","R","B",null],"character_chosen":"THE_SILENT","items_purchased":["Deadly Poison","Lee\u0027s Waffle","Blade Dance","Orrery","Master of Strategy+1","LiquidBronze","Noxious Fumes"],"campfire_rested":3,"item_purchase_floors":[10,14,22,47,47,47,47],"current_hp_per_floor":[70,68,57,57,42,42,30,30,30,30,20,6,27,77,77,77,77,65,65,65,56,56,56,56,45,45,45,29,28,54,52,52,16,94,92,89,89,52,51,51,45,45,45,45,45,45,45,45,88,64],"gold":133,"neow_bonus":"UPGRADE_CARD","is_prod":false,"is_daily":false,"chose_seed":false,"campfire_upgraded":8,"win_rate":0,"timestamp":1692069498,"path_taken":["M","M","?","M","M","R","E","R","T","$","M","E","R","$","R","BOSS","M","M","?","M","$","R","?","E","T","R","?","M","R","M","R","BOSS","M","M","?","?","M","R","E","R","T","R","?","M","$","M","R","BOSS"],"build_version":"2022-12-18","purchased_purges":3,"victory":true,"max_hp_per_floor":[70,70,70,70,70,70,70,70,70,70,70,70,70,77,77,77,77,77,77,77,77,77,77,77,84,84,84,89,89,89,89,89,89,94,94,94,94,94,94,94,94,94,94,94,94,94,94,94,94,94],"card_choices":[{"not_picked":["Flying Knee","Dagger Spray","Underhanded Strike"],"picked":"SKIP","floor":1},{"not_picked":["Backstab","Flying Knee"],"picked":"Cloak And Dagger","floor":2},{"not_picked":["Flechettes","Dodge and Roll","Underhanded Strike"],"picked":"SKIP","floor":4},{"not_picked":["Endless Agony","Well Laid Plans"],"picked":"Calculated Gamble","floor":5},{"not_picked":["Deflect","Tactician"],"picked":"Blade Dance","floor":7},{"not_picked":["Choke","Slice"],"picked":"Footwork","floor":11},{"not_picked":["Dagger Spray","Outmaneuver"],"picked":"PiercingWail","floor":12},{"not_picked":["A Thousand Cuts","Malaise"],"picked":"Adrenaline","floor":16},{"not_picked":["Sucker Punch","Riddle With Holes"],"picked":"Slice","floor":18},{"not_picked":["Flying Knee+1","Quick Slash","Finisher+1"],"picked":"SKIP","floor":19},{"not_picked":["Predator+1","Flying Knee+1"],"picked":"Distraction","floor":21},{"not_picked":["Caltrops","Choke"],"picked":"Terror","floor":25},{"not_picked":["Dodge and Roll+1","Outmaneuver+1"],"picked":"Prepared+1","floor":29},{"not_picked":["Flying Knee","Heel Hook+1","Sucker Punch"],"picked":"SKIP","floor":31},{"not_picked":["Quick Slash","Dagger Spray+1"],"picked":"Slice","floor":34},{"not_picked":["Masterful Stab+1","Noxious Fumes"],"picked":"Terror+1","floor":35},{"not_picked":["Blur+1","Eviscerate+1"],"picked":"Accuracy+1","floor":36},{"not_picked":["Heel Hook","Outmaneuver+1"],"picked":"PiercingWail+1","floor":38},{"not_picked":["Dash","Riddle With Holes"],"picked":"PiercingWail+1","floor":39},{"not_picked":["Bane","Predator+1"],"picked":"Phantasmal Killer+1","floor":41},{"not_picked":["Dagger Throw+1","All Out Attack","Heel Hook+1"],"picked":"SKIP","floor":46},{"not_picked":["Eviscerate+1","Dodge and Roll+1"],"picked":"Backflip+1","floor":47},{"not_picked":["Deadly Poison+1","Riddle With Holes+1"],"picked":"Accuracy","floor":47},{"not_picked":["Well Laid Plans","Choke"],"picked":"Blade Dance+1","floor":47},{"not_picked":["Masterful Stab+1","Riddle With Holes"],"picked":"Deflect+1","floor":48}],"player_experience":240172,"relics_obtained":[{"floor":7,"key":"Bronze Scales"},{"floor":9,"key":"Centennial Puzzle"},{"floor":12,"key":"Mummified Hand"},{"floor":25,"key":"Strawberry"},{"floor":26,"key":"Toxic Egg 2"},{"floor":41,"key":"Old Coin"},{"floor":43,"key":"Shovel"},{"floor":44,"key":"Pocketwatch"},{"floor":45,"key":"Regal Pillow"}],"event_choices":[{"damage_healed":0,"gold_gain":75,"player_choice":"Gather Gold","damage_taken":11,"max_hp_gain":0,"max_hp_loss":0,"event_name":"World of Goop","floor":3,"gold_loss":0},{"damage_healed":0,"gold_gain":0,"player_choice":"Ignored","damage_taken":0,"max_hp_gain":0,"max_hp_loss":0,"event_name":"Vampires","floor":20,"gold_loss":0},{"damage_healed":0,"gold_gain":0,"player_choice":"Ignored","damage_taken":0,"max_hp_gain":0,"max_hp_loss":0,"event_name":"Ghosts","floor":24,"gold_loss":0},{"damage_healed":0,"gold_gain":0,"player_choice":"Shed Blood","damage_taken":21,"max_hp_gain":5,"max_hp_loss":0,"event_name":"Forgotten Altar","floor":28,"gold_loss":0},{"damage_healed":0,"gold_gain":0,"player_choice":"Forge","damage_taken":0,"max_hp_gain":0,"max_hp_loss":0,"event_name":"Accursed Blacksmith","floor":37,"gold_loss":0,"cards_upgraded":["Defend_G"]}],"is_beta":false,"boss_relics":[{"not_picked":["Astrolabe","Cursed Key"],"picked":"WristBlade"},{"not_picked":["Busted Crown","Black Star"],"picked":"Tiny House"}],"items_purged_floors":[10,22,47],"is_endless":false,"potions_floor_spawned":[11,12,16,21,36,38,48],"ascension_level":2}