{"gold_per_floor":[109,123,143,163,173,173,205,205,205,205,215,215,247,262,262,367,367,378,477,457,475,101,131,131,163,163,163,163,263,280,280,280,379,379,391,406,406,423,442,442,477,306,381,381,82,82,98,98,98,98],"floor_reached":51,"playtime":3242,"items_purged":["Strike_G","Strike_G","Strike_G"],"score":909,"play_id":"6ee7b4bf-6b06-4639-b701-31f680bce32f","local_time":"20230818021053","is_ascension_mode":true,"campfire_choices":[{"data":"Neutralize","floor":6,"key":"SMITH"},{"data":"Footwork","floor":8,"key":"SMITH"},{"data":"Accuracy","floor":10,"key":"SMITH"},{"data":"Venomology","floor":15,"key":"SMITH"},{"floor":24,"key":"REST"},{"floor":27,"key":"REST"},{"data":"Burst","floor":32,"key":"SMITH"},{"floor":40,"key":"REST"},{"floor":44,"key":"REST"},{"data":"Cloak And Dagger","floor":46,"key":"SMITH"},{"floor":49,"key":"REST"}],"neow_cost":"NONE","seed_source_timestamp":777832537450900,"circlet_count":0,"master_deck":["Strike_G","Strike_G","Defend_G+1","Defend_G","Defend_G","Defend_G+1","Defend_G","Survivor","Neutralize+1","Blade Dance","Slice","Prepared","Footwork+1","Accuracy+1","Deflect","Venomology+1","PiercingWail","Burst+1","Deflect","Cloak And Dagger","Prepared","Adrenaline","Footwork","Cloak And Dagger+1","Phantasmal Killer","Madness","Madness","Parasite","Escape Plan","Footwork","Accuracy"],"relics":["Ring of the Snake","Orichalcum","Sundial","Question Card","SlaversCollar","Nunchaku","Kunai","Red Mask","Juzu Bracelet","Ornamental Fan","The Specimen","Pear","WristBlade","Potion Belt","InkBottle"],"potions_floor_usage":[7,7,16,18,21,23,23,23,25,29,33,33,33,33,38,38,39,39,39,41,41,47,50,50,50,50,50,50,50],"damage_taken":[{"damage":1,"enemies":"Cultist","floor":1,"turns":5},{"damage":0,"enemies":"2 Louse","floor":2,"turns":4},{"damage":1,"enemies":"Jaw Worm","floor":3,"turns":3},{"damage":3,"enemies":"2 Fungi Beasts","floor":4,"turns":4},{"damage":0,"enemies":"3 Louse","floor":5,"turns":5},{"damage":12,"enemies":"Gremlin Nob","floor":7,"turns":3},{"damage":0,"enemies":"Large Slime","floor":11,"turns":4},{"damage":0,"enemies":"Lagavulin","floor":13,"turns":10},{"damage":0,"enemies":"Exordium Thugs","floor":14,"turns":6},{"damage":30,"enemies":"Slime Boss","floor":16,"turns":19},{"damage":32,"enemies":"Chosen","floor":18,"turns":10},{"damage":0,"enemies":"2 Thieves","floor":20,"turns":4},{"damage":5,"enemies":"Shelled Parasite and Fungi","floor":21,"turns":10},{"damage":0,"enemies":"Slavers","floor":23,"turns":8},{"damage":26,"enemies":"Masked Bandits","floor":25,"turns":9},{"damage":1,"enemies":"Colosseum Slavers","floor":29,"turns":7},{"damage":1,"enemies":"Colosseum Nobs","floor":29,"turns":6},{"damage":2,"enemies":"Snake Plant","floor":30,"turns":10},{"damage":1,"enemies":"Collector","floor":33,"turns":16},{"damage":2,"enemies":"3 Shapes","floor":35,"turns":5},{"damage":4,"enemies":"Orb Walker","floor":36,"turns":4},{"damage":38,"enemies":"Maw","floor":38,"turns":9},{"damage":2,"enemies":"Writhing Mass","floor":39,"turns":8},{"damage":26,"enemies":"Nemesis","floor":41,"turns":11},{"damage":2,"enemies":"3 Darklings","floor":47,"turns":5},{"damage":1,"enemies":"Awakened One","floor":50,"turns":9}],"seed_played":"-3524989791874387374","potions_obtained":[{"floor":3,"key":"FearPotion"},{"floor":4,"key":"Explosive Potion"},{"floor":5,"key":"GamblersBrew"},{"floor":7,"key":"Poison Potion"},{"floor":21,"key":"CunningPotion"},{"floor":33,"key":"ColorlessPotion"},{"floor":38,"key":"Explosive Potion"},{"floor":39,"key":"DuplicationPotion"},{"floor":41,"key":"Block Potion"}],"is_trial":false,"path_per_floor":["M","M","M","M","M","R","E","R","T","R","M","?","E","M","R","B",null,"M","?","M","M","$","E","R","?","T","R","?","?","M","T","R","B",null,"M","M","?","M","M","R","E","$","T","R","$","R","M","?","R","B",null],"character_chosen":"THE_SILENT","items_purchased":["Nunchaku","Adrenaline","Footwork","Accuracy","EntropicBrew"],"campfire_rested":5,"item_purchase_floors":[22,22,42,45,45],"current_hp_per_floor":[69,69,68,65,65,65,53,53,53,53,53,39,39,39,39,9,55,23,23,23,18,18,18,39,13,13,34,34,32,30,40,40,39,70,68,64,54,16,14,38,12,12,12,36,36,36,34,34,58,57],"gold":98,"neow_bonus":"THREE_CARDS","is_prod":false,"is_daily":false,"chose_seed":false,"campfire_upgraded":6,"win_rate":0,"timestamp":1692349853,"path_taken":["M","M","?","M","M","R","E","R","T","R","M","?","E","M","R","BOSS","M","?","M","M","$","E","R","?","T","R","?","?","M","?","R","BOSS","M","M","?","M","M","R","E","$","T","R","$","R","M","?","R","BOSS"],"build_version":"2022-12-18","purchased_purges":3,"victory":true,"max_hp_per_floor":[70,70,70,70,70,70,70,70,70,70,70,70,70,70,70,70,70,70,70,70,70,70,70,70,70,70,70,70,70,70,80,80,80,80,80,80,80,80,80,80,80,80,80,80,80,80,80,80,80,80],"card_choices":[{"not_picked":["Riddle With Holes","Acrobatics"],"picked":"Blade Dance","floor":1},{"not_picked":["Sucker Punch","Caltrops"],"picked":"Slice","floor":2},{"not_picked":["Underhanded Strike","Quick Slash"],"picked":"Prepared","floor":3},{"not_picked":["Slice","Masterful Stab"],"picked":"Footwork","floor":4},{"not_picked":["Concentrate","Tactician"],"picked":"Accuracy","floor":5},{"not_picked":["Underhanded Strike","Bane","Riddle With Holes"],"picked":"SKIP","floor":7},{"not_picked":["Poisoned Stab","Choke"],"picked":"Deflect","floor":11},{"not_picked":["Flying Knee","Quick Slash"],"picked":"Venomology","floor":13},{"not_picked":["Slice","Prepared","Dodge and Roll"],"picked":"PiercingWail","floor":14},{"not_picked":["Wraith Form v2","Tools of the Trade","Glass Knife"],"picked":"Burst","floor":16},{"not_picked":["Blur","Sucker Punch+1","Slice+1"],"picked":"Deflect","floor":18},{"not_picked":["Deflect","Bouncing Flask","Bane"],"picked":"Cloak And Dagger","floor":20},{"not_picked":["Crippling Poison+1","Quick Slash","Masterful Stab"],"picked":"Prepared","floor":21},{"not_picked":["Dagger Throw","Underhanded Strike+1","Flechettes","Die Die Die"],"picked":"SKIP","floor":23},{"not_picked":["Acrobatics","Prepared","Quick Slash"],"picked":"Footwork","floor":25},{"not_picked":["Prepared","Slice+1","Underhanded Strike+1"],"picked":"Cloak And Dagger","floor":30},{"not_picked":["Glass Knife","Wraith Form v2","Corpse Explosion"],"picked":"Phantasmal Killer","floor":33},{"not_picked":["Slice","Underhanded Strike+1","Bane+1","Flying Knee"],"picked":"SKIP","floor":35},{"not_picked":["Backstab+1","Slice","Flying Knee+1","Poisoned Stab"],"picked":"SKIP","floor":36},{"not_picked":["Prepared","Grand Finale","Masterful Stab+1","Slice"],"picked":"SKIP","floor":38},{"not_picked":["Flying Knee","Quick Slash","Sucker Punch+1","All Out Attack"],"picked":"SKIP","floor":39},{"not_picked":["Choke","Caltrops","Outmaneuver+1"],"picked":"Escape Plan","floor":41},{"not_picked":["Doppelganger","Flying Knee","Backflip","Finisher+1"],"picked":"SKIP","floor":47}],"player_experience":283527,"relics_obtained":[{"floor":7,"key":"Orichalcum"},{"floor":9,"key":"Sundial"},{"floor":13,"key":"Question Card"},{"floor":23,"key":"Kunai"},{"floor":25,"key":"Red Mask"},{"floor":26,"key":"Juzu Bracelet"},{"floor":29,"key":"Ornamental Fan"},{"floor":29,"key":"The Specimen"},{"floor":31,"key":"Pear"},{"floor":41,"key":"Potion Belt"},{"floor":43,"key":"InkBottle"}],"event_choices":[{"damage_healed":0,"gold_gain":0,"player_choice":"Entered Light","damage_taken":14,"max_hp_gain":0,"max_hp_loss":0,"event_name":"Shining Light","floor":12,"gold_loss":0,"cards_upgraded":["Defend_G","Defend_G"]},{"damage_healed":0,"gold_gain":99,"player_choice":"Stole From Cult","damage_taken":0,"max_hp_gain":0,"max_hp_loss":0,"event_name":"Nest","floor":19,"gold_loss":0},{"damage_healed":0,"gold_gain":0,"player_choice":"Fought Bandits","damage_taken":0,"max_hp_gain":0,"max_hp_loss":0,"event_name":"Masked Bandits","floor":25,"gold_loss":0},{"damage_healed":0,"gold_gain":0,"player_choice":"Ignored","damage_taken":0,"max_hp_gain":0,"max_hp_loss":0,"event_name":"The Mausoleum","floor":28,"gold_loss":0},{"damage_healed":0,"gold_gain":0,"player_choice":"Fight","damage_taken":0,"max_hp_gain":0,"max_hp_loss":0,"event_name":"Colosseum","floor":29,"gold_loss":0},{"damage_healed":0,"gold_gain":0,"player_choice":"Fought Nobs","damage_taken":0,"max_hp_gain":0,"max_hp_loss":0,"event_name":"Colosseum","floor":29,"gold_loss":0},{"damage_healed":0,"gold_gain":0,"player_choice":"Embrace Madness","damage_taken":10,"max_hp_gain":0,"max_hp_loss":0,"event_name":"Winding Halls","floor":37,"gold_loss":0,"cards_obtained":["Madness","Madness"]},{"damage_healed":0,"gold_gain":0,"player_choice":"Memory 1","damage_taken":0,"max_hp_gain":0,"max_hp_loss":0,"event_name":"SensoryStone","floor":48,"gold_loss":0}],"is_beta":false,"boss_relics":[{"not_picked":["Velvet Choker","SacredBark"],"picked":"SlaversCollar"},{"not_picked":["Fusion Hammer","Cursed Key"],"picked":"WristBlade"}],"items_purged_floors":[22,42,45],"is_endless":false,"potions_floor_spawned":[3,4,5,7,21,30,33,38,39,41],"ascension_level":5}