{"gold_per_floor":[359,359,370,388,388,388,434,464,499,531,543,587,599,236,236,334,334,303,321,350,350,265,265,276,293,293,22,48,123,123,143,143,248,248,263,485,535,535,548,548,548,568,568,568,584,598,618,232,232,232],"floor_reached":51,"playtime":4114,"items_purged":["Strike_G","Catalyst"],"score":807,"play_id":"797e0412-e28e-4958-aa0e-464a4ce57f90","local_time":"20230816214216","is_ascension_mode":true,"campfire_choices":[{"data":"Neutralize","floor":6,"key":"SMITH"},{"floor":13,"key":"REST"},{"floor":15,"key":"REST"},{"data":"J.A.X.","floor":23,"key":"SMITH"},{"floor":30,"key":"REST"},{"floor":32,"key":"REST"},{"data":"After Image","floor":40,"key":"SMITH"},{"data":"Grand Finale","floor":44,"key":"PURGE"},{"floor":49,"key":"REST"}],"neow_cost":"PERCENT_DAMAGE","seed_source_timestamp":674424092259000,"circlet_count":0,"master_deck":["Survivor","Neutralize+1","Escape Plan","Slice","Deadly Poison","Backflip","After Image+1","Prepared","Blade Dance+1","Dodge and Roll+1","J.A.X.+1","Infinite Blades","PiercingWail","PiercingWail+1","Malaise","Choke","Slice","Backstab","Malaise","Blade Dance","Blade Dance","Dark Shackles","Prepared+1","Backflip","Footwork+1","Backflip+1","Blind"],"relics":["Ring of the Snake","MawBank","Happy Flower","Boot","Omamori","Bag of Preparation","Cursed Key","Red Mask","Lizard Tail","Kunai","Lantern","Bag of Marbles","Pandora\u0027s Box","Peace Pipe","Pocketwatch","HandDrill"],"potions_floor_usage":[7,7,19,20,24,31,50,50],"damage_taken":[{"damage":0,"enemies":"2 Louse","floor":1,"turns":3},{"damage":4,"enemies":"Small Slimes","floor":3,"turns":4},{"damage":0,"enemies":"Cultist","floor":4,"turns":5},{"damage":11,"enemies":"Gremlin Nob","floor":7,"turns":4},{"damage":1,"enemies":"Large Slime","floor":8,"turns":7},{"damage":6,"enemies":"3 Louse","floor":10,"turns":4},{"damage":24,"enemies":"Lagavulin","floor":12,"turns":9},{"damage":17,"enemies":"Hexaghost","floor":16,"turns":11},{"damage":7,"enemies":"2 Thieves","floor":18,"turns":5},{"damage":0,"enemies":"Chosen","floor":19,"turns":6},{"damage":25,"enemies":"Masked Bandits","floor":20,"turns":6},{"damage":19,"enemies":"Sentry and Sphere","floor":24,"turns":8},{"damage":3,"enemies":"Shelled Parasite and Fungi","floor":25,"turns":3},{"damage":6,"enemies":"Book of Stabbing","floor":28,"turns":5},{"damage":3,"enemies":"Cultist and Chosen","floor":31,"turns":7},{"damage":62,"enemies":"Automaton","floor":33,"turns":13},{"damage":3,"enemies":"3 Darklings","floor":35,"turns":4},{"damage":4,"enemies":"Mind Bloom Boss Battle","floor":37,"turns":5},{"damage":3,"enemies":"3 Shapes","floor":39,"turns":8},{"damage":5,"enemies":"Spire Growth","floor":42,"turns":3},{"damage":3,"enemies":"Writhing Mass","floor":45,"turns":7},{"damage":6,"enemies":"Transient","floor":46,"turns":5},{"damage":11,"enemies":"Sphere and 2 Shapes","floor":47,"turns":7},{"damage":14,"enemies":"Donu and Deca","floor":50,"turns":9}],"seed_played":"227426191987299991","potions_obtained":[{"floor":3,"key":"AttackPotion"},{"floor":4,"key":"ColorlessPotion"},{"floor":8,"key":"GhostInAJar"},{"floor":16,"key":"Swift Potion"},{"floor":18,"key":"Explosive Potion"},{"floor":19,"key":"BlessingOfTheForge"},{"floor":28,"key":"Block Potion"},{"floor":33,"key":"LiquidBronze"},{"floor":39,"key":"Block Potion"},{"floor":42,"key":"SneckoOil"}],"is_trial":false,"path_per_floor":["M","?","M","M","?","R","E","M","T","M","$","E","R","$","R","B",null,"M","M","?","?","?","R","M","M","T","$","E","?","R","M","R","B",null,"M","?","?","?","M","R","?","M","T","R","M","M","M","$","R","B",null],"character_chosen":"THE_SILENT","items_purchased":["Omamori","Bag of Preparation","Lantern","Infinite Blades","PiercingWail","HandDrill","Block Potion","Blind"],"campfire_rested":5,"item_purchase_floors":[14,14,27,27,27,48,48,48],"current_hp_per_floor":[49,49,45,45,45,45,34,33,33,27,27,3,24,24,45,28,70,63,63,38,38,38,38,19,16,16,16,10,3,24,21,42,35,70,67,67,63,63,60,60,60,55,55,55,52,46,35,35,56,42],"gold":232,"neow_bonus":"TWO_FIFTY_GOLD","is_prod":false,"is_daily":false,"chose_seed":false,"campfire_upgraded":3,"win_rate":0,"timestamp":1692247336,"path_taken":["M","?","M","M","?","R","E","M","T","M","$","E","R","$","R","BOSS","M","?","?","?","?","R","M","M","T","$","E","?","R","M","R","BOSS","M","?","?","?","M","R","?","M","T","R","M","M","M","$","R","BOSS"],"build_version":"2022-12-18","purchased_purges":2,"victory":true,"max_hp_per_floor":[70,70,70,70,70,70,70,70,70,70,70,70,70,70,70,70,70,70,70,70,70,70,70,70,70,70,70,70,70,70,70,70,70,70,70,70,70,70,70,70,70,70,70,70,70,70,70,70,70,70],"card_choices":[{"not_picked":["Flying Knee","Calculated Gamble"],"picked":"Escape Plan","floor":1},{"not_picked":["Outmaneuver","Calculated Gamble","Quick Slash"],"picked":"SKIP","floor":3},{"not_picked":["Concentrate","Acrobatics"],"picked":"Slice","floor":4},{"not_picked":["Skewer","Predator"],"picked":"Catalyst","floor":7},{"not_picked":["PiercingWail","Prepared"],"picked":"Deadly Poison","floor":8},{"not_picked":["Slice","Endless Agony","Tactician"],"picked":"SKIP","floor":10},{"not_picked":["Finisher","Sucker Punch"],"picked":"Backflip","floor":12},{"not_picked":["Grand Finale","Corpse Explosion"],"picked":"After Image","floor":16},{"not_picked":["Terror","Slice+1"],"picked":"Prepared","floor":18},{"not_picked":["Heel Hook","Outmaneuver"],"picked":"Blade Dance+1","floor":19},{"not_picked":["Dagger Spray","Acrobatics"],"picked":"Dodge and Roll+1","floor":20},{"not_picked":["Underhanded Strike+1","Flechettes","Deadly Poison"],"picked":"SKIP","floor":24},{"not_picked":["Dagger Throw+1","Well Laid Plans+1","Sucker Punch"],"picked":"SKIP","floor":25},{"not_picked":["Outmaneuver","Malaise"],"picked":"PiercingWail+1","floor":28},{"not_picked":["Bane","Well Laid Plans","Dodge and Roll"],"picked":"SKIP","floor":31},{"not_picked":["Glass Knife","Doppelganger"],"picked":"Malaise","floor":33},{"not_picked":["Underhanded Strike+1","Flying Knee"],"picked":"Blade Dance","floor":35},{"not_picked":["Mind Blast","Metamorphosis"],"picked":"Dark Shackles","floor":38},{"not_picked":["Concentrate+1","PiercingWail+1"],"picked":"Prepared+1","floor":39},{"not_picked":["Endless Agony+1","Poisoned Stab","Predator+1"],"picked":"SKIP","floor":42},{"not_picked":["Underhanded Strike","Finisher+1"],"picked":"Backflip","floor":45},{"not_picked":["Backstab","Dodge and Roll"],"picked":"Footwork+1","floor":46},{"not_picked":["Setup","Endless Agony+1"],"picked":"Backflip+1","floor":47}],"player_experience":266945,"relics_obtained":[{"floor":7,"key":"MawBank"},{"floor":9,"key":"Happy Flower"},{"floor":12,"key":"Boot"},{"floor":20,"key":"Red Mask"},{"floor":26,"key":"Kunai"},{"floor":28,"key":"Bag of Marbles"},{"floor":37,"key":"Peace Pipe"},{"floor":43,"key":"Pocketwatch"}],"event_choices":[{"cards_removed":["Strike_G"],"damage_healed":0,"gold_gain":0,"player_choice":"Forget","damage_taken":0,"max_hp_gain":0,"max_hp_loss":0,"event_name":"Living Wall","floor":2,"gold_loss":0},{"cards_removed":["Strike_G"],"damage_healed":0,"gold_gain":0,"player_choice":"Purged","damage_taken":0,"max_hp_gain":0,"max_hp_loss":0,"event_name":"Purifier","floor":5,"gold_loss":0},{"damage_healed":0,"gold_gain":0,"player_choice":"Fought Bandits","damage_taken":0,"max_hp_gain":0,"max_hp_loss":0,"event_name":"Masked Bandits","floor":20,"gold_loss":0},{"damage_healed":0,"gold_gain":0,"player_choice":"Obtain J.A.X.","damage_taken":0,"max_hp_gain":0,"max_hp_loss":0,"event_name":"Drug Dealer","floor":21,"gold_loss":0,"cards_obtained":["J.A.X."]},{"damage_healed":0,"gold_gain":0,"player_choice":"Obtained Relic","damage_taken":0,"relics_obtained":["Lizard Tail"],"max_hp_gain":0,"max_hp_loss":0,"event_name":"Addict","floor":22,"gold_loss":85},{"damage_healed":0,"gold_gain":75,"player_choice":"Touch","damage_taken":7,"max_hp_gain":0,"max_hp_loss":0,"event_name":"FaceTrader","floor":29,"gold_loss":0},{"damage_healed":0,"gold_gain":222,"player_choice":"Wore Mask","damage_taken":0,"max_hp_gain":0,"max_hp_loss":0,"event_name":"Tomb of Lord Red Mask","floor":36,"gold_loss":0},{"damage_healed":0,"gold_gain":0,"player_choice":"Fight","damage_taken":0,"max_hp_gain":0,"max_hp_loss":0,"event_name":"MindBloom","floor":37,"gold_loss":0},{"damage_healed":0,"gold_gain":0,"player_choice":"Memory 1","damage_taken":0,"max_hp_gain":0,"max_hp_loss":0,"event_name":"SensoryStone","floor":38,"gold_loss":0},{"cards_removed":["Slice"],"damage_healed":0,"gold_gain":0,"player_choice":"Removed Attack","damage_taken":0,"max_hp_gain":0,"max_hp_loss":0,"event_name":"Falling","floor":41,"gold_loss":0}],"is_beta":false,"boss_relics":[{"not_picked":["Astrolabe","Busted Crown"],"picked":"Cursed Key"},{"not_picked":["Coffee Dripper","Velvet Choker"],"picked":"Pandora\u0027s Box"}],"items_purged_floors":[14,48],"is_endless":false,"potions_floor_spawned":[3,4,8,16,18,19,28,33,39,42],"ascension_level":4}