{"gold_per_floor":[13,13,13,29,29,29,55,55,55,72,85,96,111,38,38,134,134,146,146,156,156,10,10,10,40,40,40,40,59,69,88,88,190,190,201,215,227,118,131,131,159,38,38,71,71,87,87,101,101,101],"floor_reached":51,"playtime":2480,"items_purged":["Terror","Strike_G+1"],"score":1106,"play_id":"7db6cb4c-b182-4bc9-87f5-6eb662ca4564","local_time":"20230821023510","is_ascension_mode":true,"campfire_choices":[{"data":"Cloak And Dagger","floor":6,"key":"SMITH"},{"floor":8,"key":"REST"},{"data":"Neutralize","floor":15,"key":"SMITH"},{"data":"Cloak And Dagger","floor":23,"key":"SMITH"},{"floor":28,"key":"REST"},{"data":"Panache","floor":32,"key":"SMITH"},{"data":"After Image","floor":40,"key":"SMITH"},{"data":"Phantasmal Killer","floor":45,"key":"SMITH"},{"floor":47,"key":"REST"},{"data":"Accuracy","floor":49,"key":"SMITH"}],"neow_cost":"NO_GOLD","seed_source_timestamp":1039247580066900,"circlet_count":0,"master_deck":["Strike_G+1","Strike_G+1","Strike_G+1","Defend_G+1","Defend_G+1","Defend_G+1","Defend_G+1","Defend_G+1","Survivor","Neutralize+1","Panache+1","Cloak And Dagger+1","Cloak And Dagger+1","Escape Plan","Accuracy+1","Phantasmal Killer+1","Blade Dance","Prepared","Leg Sweep","Distraction+1","After Image+1","Deflect+1","Terror+1","Footwork","Accuracy","Blade Dance","Calculated Gamble+1"],"relics":["Ring of the Snake","Blood Vial","PreservedInsect","Paper Crane","SlaversCollar","Regal Pillow","Bag of Preparation","Letter Opener","Black Star","Smiling Mask","Bottled Lightning","Ornamental Fan","Shuriken","Anchor"],"potions_floor_usage":[12,16,16,25,44,50,50],"damage_taken":[{"damage":3,"enemies":"Cultist","floor":1,"turns":5},{"damage":0,"enemies":"2 Louse","floor":4,"turns":5},{"damage":40,"enemies":"Lagavulin","floor":7,"turns":11},{"damage":0,"enemies":"Jaw Worm","floor":10,"turns":3},{"damage":0,"enemies":"Blue Slaver","floor":11,"turns":5},{"damage":2,"enemies":"Large Slime","floor":12,"turns":5},{"damage":0,"enemies":"2 Fungi Beasts","floor":13,"turns":3},{"damage":13,"enemies":"Slime Boss","floor":16,"turns":13},{"damage":2,"enemies":"Chosen","floor":18,"turns":6},{"damage":29,"enemies":"2 Thieves","floor":20,"turns":4},{"damage":18,"enemies":"Slavers","floor":25,"turns":3},{"damage":4,"enemies":"Shelled Parasite and Fungi","floor":29,"turns":4},{"damage":6,"enemies":"Snake Plant","floor":30,"turns":3},{"damage":21,"enemies":"Sentry and Sphere","floor":31,"turns":5},{"damage":12,"enemies":"Collector","floor":33,"turns":7},{"damage":2,"enemies":"3 Darklings","floor":35,"turns":3},{"damage":5,"enemies":"Orb Walker","floor":36,"turns":4},{"damage":11,"enemies":"Spire Growth","floor":37,"turns":6},{"damage":3,"enemies":"Sphere and 2 Shapes","floor":39,"turns":4},{"damage":18,"enemies":"Reptomancer","floor":41,"turns":5},{"damage":0,"enemies":"Nemesis","floor":44,"turns":5},{"damage":6,"enemies":"Writhing Mass","floor":46,"turns":6},{"damage":0,"enemies":"3 Darklings","floor":48,"turns":3},{"damage":0,"enemies":"Awakened One","floor":50,"turns":9}],"seed_played":"-3094116390931673404","potions_obtained":[{"floor":1,"key":"FearPotion"},{"floor":7,"key":"EssenceOfSteel"},{"floor":11,"key":"Block Potion"},{"floor":16,"key":"Regen Potion"},{"floor":29,"key":"LiquidMemories"},{"floor":30,"key":"SpeedPotion"},{"floor":31,"key":"GhostInAJar"},{"floor":37,"key":"Fire Potion"},{"floor":39,"key":"CunningPotion"},{"floor":44,"key":"LiquidMemories"}],"is_trial":false,"path_per_floor":["M","$","?","M","?","R","E","R","T","M","M","M","M","$","R","B",null,"M","?","M","?","$","R","?","E","T","$","R","M","M","M","R","B",null,"M","M","M","$","M","R","E","$","T","E","R","M","R","M","R","B",null],"character_chosen":"THE_SILENT","items_purchased":["Accuracy","Regal Pillow","Footwork","Accuracy"],"campfire_rested":3,"item_purchase_floors":[14,22,38,42],"current_hp_per_floor":[60,60,53,53,46,46,8,29,29,31,33,33,35,35,35,24,59,59,59,32,32,32,32,32,25,25,25,61,59,55,36,36,26,59,59,56,47,47,46,46,30,30,30,32,32,28,64,66,66,68],"gold":101,"neow_bonus":"RANDOM_COLORLESS_2","is_prod":false,"is_daily":false,"chose_seed":false,"campfire_upgraded":7,"win_rate":0,"timestamp":1692610510,"path_taken":["M","?","?","M","?","R","E","R","T","M","M","M","M","?","R","BOSS","M","?","M","?","$","R","?","E","T","$","R","?","M","M","R","BOSS","M","M","M","$","M","R","E","$","T","E","R","M","R","M","R","BOSS"],"build_version":"2022-12-18","purchased_purges":2,"victory":true,"max_hp_per_floor":[70,70,70,70,70,70,70,70,70,70,70,70,70,70,70,70,70,70,70,70,70,70,70,70,70,70,70,70,70,70,70,70,70,70,70,70,70,70,70,70,70,70,70,70,70,70,70,70,70,70],"card_choices":[{"not_picked":["Metamorphosis","Chrysalis"],"picked":"Panache","floor":0},{"not_picked":["PiercingWail","Tactician"],"picked":"Cloak And Dagger","floor":1},{"not_picked":["Dodge and Roll","Dagger Throw","Bane"],"picked":"SKIP","floor":4},{"not_picked":["Concentrate","Poisoned Stab","Dagger Throw"],"picked":"SKIP","floor":7},{"not_picked":["Backflip","Prepared"],"picked":"Cloak And Dagger","floor":10},{"not_picked":["Slice","Dagger Spray"],"picked":"Escape Plan","floor":11},{"not_picked":["PiercingWail","Dodge and Roll"],"picked":"Terror","floor":12},{"not_picked":["Eviscerate","Backstab","Dagger Spray"],"picked":"SKIP","floor":13},{"not_picked":["Grand Finale","Tools of the Trade"],"picked":"Phantasmal Killer","floor":16},{"not_picked":["Terror","Heel Hook","Outmaneuver"],"picked":"SKIP","floor":18},{"not_picked":["Underhanded Strike","Sucker Punch"],"picked":"Prepared","floor":20},{"not_picked":["Poisoned Stab","Dagger Spray","Expertise+1"],"picked":"SKIP","floor":25},{"not_picked":["Masterful Stab","Expertise","Dagger Throw+1"],"picked":"SKIP","floor":29},{"not_picked":["Quick Slash","Underhanded Strike"],"picked":"Leg Sweep","floor":30},{"not_picked":["Calculated Gamble","Deadly Poison"],"picked":"Distraction+1","floor":31},{"not_picked":["Tools of the Trade","Corpse Explosion"],"picked":"After Image","floor":33},{"not_picked":["Poisoned Stab","Dodge and Roll","Backflip+1"],"picked":"SKIP","floor":35},{"not_picked":["Underhanded Strike","Caltrops"],"picked":"Deflect+1","floor":36},{"not_picked":["Bane","Dagger Throw+1"],"picked":"Terror+1","floor":37},{"not_picked":["Flying Knee","Malaise","Dodge and Roll"],"picked":"SKIP","floor":39},{"not_picked":["Slice","Deadly Poison+1","Reflex"],"picked":"SKIP","floor":41},{"not_picked":["Bane","Poisoned Stab","Caltrops"],"picked":"SKIP","floor":44},{"not_picked":["Bane+1","PiercingWail+1"],"picked":"Blade Dance","floor":46},{"not_picked":["Heel Hook+1","Choke"],"picked":"Calculated Gamble+1","floor":48}],"player_experience":337809,"relics_obtained":[{"floor":7,"key":"PreservedInsect"},{"floor":9,"key":"Paper Crane"},{"floor":25,"key":"Bag of Preparation"},{"floor":26,"key":"Letter Opener"},{"floor":41,"key":"Smiling Mask"},{"floor":41,"key":"Bottled Lightning"},{"floor":43,"key":"Ornamental Fan"},{"floor":44,"key":"Shuriken"},{"floor":44,"key":"Anchor"}],"event_choices":[{"cards_removed":["Strike_G"],"damage_healed":0,"gold_gain":0,"player_choice":"Card Removal","damage_taken":7,"max_hp_gain":0,"max_hp_loss":0,"event_name":"Golden Wing","floor":3,"gold_loss":0},{"damage_healed":0,"gold_gain":0,"player_choice":"Success","damage_taken":7,"relics_obtained":["Blood Vial"],"max_hp_gain":0,"max_hp_loss":0,"event_name":"Scrap Ooze","floor":5,"gold_loss":0},{"damage_healed":0,"gold_gain":0,"player_choice":"Read","damage_taken":0,"max_hp_gain":0,"max_hp_loss":0,"event_name":"The Library","floor":19,"gold_loss":0,"cards_obtained":["Blade Dance"]},{"damage_healed":0,"gold_gain":0,"player_choice":"Simplicity","damage_taken":0,"max_hp_gain":0,"max_hp_loss":0,"event_name":"Back to Basics","floor":21,"gold_loss":0,"cards_upgraded":["Strike_G","Strike_G","Strike_G","Strike_G","Defend_G","Defend_G","Defend_G","Defend_G","Defend_G"]},{"damage_healed":0,"gold_gain":0,"player_choice":"Ignored","damage_taken":0,"max_hp_gain":0,"max_hp_loss":0,"event_name":"WeMeetAgain","floor":24,"gold_loss":0}],"is_beta":false,"boss_relics":[{"not_picked":["Runic Dome","Sozu"],"picked":"SlaversCollar"},{"not_picked":["Calling Bell","HoveringKite"],"picked":"Black Star"}],"items_purged_floors":[38,42],"is_endless":false,"potions_floor_spawned":[1,7,11,16,29,30,31,36,37,39,44],"ascension_level":8}