{"gold_per_floor":[116,41,53,53,69,69,83,83,107,382,402,402,7,60,60,132,132,176,176,238,238,263],"floor_reached":22,"playtime":925,"items_purged":["Regret"],"score":317,"play_id":"6c85a42d-9f7c-4d64-8f89-12eeee981705","local_time":"20230903205059","is_ascension_mode":true,"campfire_choices":[{"data":"Mayhem","floor":6,"key":"SMITH"},{"data":"Terror","floor":8,"key":"SMITH"},{"data":"Blade Dance","floor":12,"key":"SMITH"},{"data":"HandOfGreed","floor":15,"key":"SMITH"}],"neow_cost":"TEN_PERCENT_HP_LOSS","seed_source_timestamp":2229823874974200,"circlet_count":0,"master_deck":["AscendersBane","Strike_G+1","Strike_G+1","Strike_G+1","Strike_G+1","Defend_G+1","Defend_G+1","Defend_G+1","Defend_G+1","Defend_G+1","Survivor","Neutralize+1","Mayhem+1","Distraction","Blade Dance+1","Terror+1","HandOfGreed+1","Noxious Fumes","Panacea","Prepared","Tools of the Trade","Prepared","Adrenaline"],"relics":["Ring of the Snake","Nunchaku","SlaversCollar"],"potions_floor_usage":[14,16],"damage_taken":[{"damage":2,"enemies":"Jaw Worm","floor":1,"turns":7},{"damage":4,"enemies":"Cultist","floor":3,"turns":6},{"damage":1,"enemies":"Small Slimes","floor":5,"turns":5},{"damage":5,"enemies":"Red Slaver","floor":7,"turns":4},{"damage":9,"enemies":"Exordium Wildlife","floor":11,"turns":6},{"damage":6,"enemies":"Gremlin Gang","floor":14,"turns":5},{"damage":19,"enemies":"Slime Boss","floor":16,"turns":8},{"damage":7,"enemies":"Shell Parasite","floor":18,"turns":5},{"damage":28,"enemies":"3 Byrds","floor":20,"turns":5},{"damage":14,"enemies":"Shelled Parasite and Fungi","floor":22,"turns":2}],"seed_played":"1261632932718532677","potions_obtained":[{"floor":5,"key":"AttackPotion"},{"floor":7,"key":"DistilledChaos"},{"floor":14,"key":"Weak Potion"},{"floor":16,"key":"SteroidPotion"}],"is_trial":false,"path_per_floor":["M","?","M","?","M","R","M","R","T","?","M","R","$","M","R","B",null,"M","?","M","?","M"],"character_chosen":"THE_SILENT","items_purchased":["HandOfGreed","Noxious Fumes","Panacea"],"campfire_rested":0,"item_purchase_floors":[13,13,13],"current_hp_per_floor":[57,57,53,53,52,52,47,47,47,47,38,38,38,32,32,13,48,41,41,13,13,0],"gold":263,"neow_bonus":"RANDOM_COLORLESS_2","is_prod":false,"is_daily":false,"chose_seed":false,"campfire_upgraded":4,"win_rate":0,"timestamp":1693799459,"path_taken":["M","?","M","?","M","R","?","R","T","?","M","R","$","?","R","BOSS","M","?","M","?","?"],"build_version":"2022-12-18","purchased_purges":1,"victory":false,"max_hp_per_floor":[60,60,60,60,60,60,60,60,60,60,60,60,60,60,60,60,60,60,60,60,60,60],"card_choices":[{"not_picked":["Chrysalis","Transmutation"],"picked":"Mayhem","floor":0},{"not_picked":["Reflex","Acrobatics"],"picked":"Distraction","floor":1},{"not_picked":["Dodge and Roll","Underhanded Strike","Wraith Form v2"],"picked":"SKIP","floor":3},{"not_picked":["Bouncing Flask","Predator"],"picked":"Blade Dance","floor":5},{"not_picked":["Deflect","Outmaneuver"],"picked":"Terror","floor":7},{"not_picked":["Expertise","Slice","Underhanded Strike"],"picked":"SKIP","floor":11},{"not_picked":["Deflect","All Out Attack"],"picked":"Prepared","floor":14},{"not_picked":["Envenom","Storm of Steel"],"picked":"Tools of the Trade","floor":16},{"not_picked":["Predator","Flying Knee"],"picked":"Prepared","floor":18},{"not_picked":["Bane","Masterful Stab","Poisoned Stab"],"picked":"SKIP","floor":20}],"player_experience":475576,"relics_obtained":[{"floor":9,"key":"Nunchaku"}],"event_choices":[{"cards_removed":["Strike_G"],"damage_healed":0,"gold_gain":0,"player_choice":"Card Removal","damage_taken":0,"max_hp_gain":0,"max_hp_loss":0,"event_name":"The Cleric","floor":2,"gold_loss":75},{"damage_healed":0,"gold_gain":0,"player_choice":"Forge","damage_taken":0,"max_hp_gain":0,"max_hp_loss":0,"event_name":"Accursed Blacksmith","floor":4,"gold_loss":0,"cards_upgraded":["Neutralize"]},{"damage_healed":0,"gold_gain":275,"player_choice":"Desecrate","damage_taken":0,"max_hp_gain":0,"max_hp_loss":0,"event_name":"Golden Shrine","floor":10,"gold_loss":0,"cards_obtained":["Regret"]},{"damage_healed":0,"gold_gain":0,"player_choice":"Simplicity","damage_taken":0,"max_hp_gain":0,"max_hp_loss":0,"event_name":"Back to Basics","floor":19,"gold_loss":0,"cards_upgraded":["Strike_G","Strike_G","Strike_G","Strike_G","Defend_G","Defend_G","Defend_G","Defend_G","Defend_G"]},{"damage_healed":0,"gold_gain":0,"player_choice":"1 cards matched","damage_taken":0,"max_hp_gain":0,"max_hp_loss":0,"event_name":"Match and Keep!","floor":21,"gold_loss":0,"cards_obtained":["Adrenaline"]}],"is_beta":false,"boss_relics":[{"not_picked":["Velvet Choker","Astrolabe"],"picked":"SlaversCollar"}],"items_purged_floors":[13],"is_endless":false,"potions_floor_spawned":[5,7,14,16],"killed_by":"Shelled Parasite and Fungi","ascension_level":16}