{"gold_per_floor":[112,123,138,120,120,120,185,185,185,185,198,232,10,23,23,98,98,115,144,0,0,0,10,10,10,35,50,78,97,97,130,130,206,206,223,235,260,280,280,280,293,293,293,515,515,8,8,20,20,20],"floor_reached":51,"playtime":2838,"items_purged":["Strike_G","Parasite"],"score":1136,"play_id":"542be6a8-f785-477b-b229-b0c16015f0ae","local_time":"20230902215015","is_ascension_mode":true,"campfire_choices":[{"data":"Poisoned Stab","floor":6,"key":"SMITH"},{"data":"Noxious Fumes","floor":8,"key":"SMITH"},{"floor":10,"key":"REST"},{"data":"Noxious Fumes","floor":15,"key":"SMITH"},{"data":"After Image","floor":24,"key":"SMITH"},{"data":"Deadly Poison","floor":30,"key":"SMITH"},{"data":"PiercingWail","floor":32,"key":"SMITH"},{"data":"Burst","floor":40,"key":"SMITH"},{"data":"Deadly Poison","floor":42,"key":"SMITH"},{"data":"Neutralize","floor":45,"key":"SMITH"},{"data":"After Image","floor":49,"key":"SMITH"}],"neow_cost":"NONE","seed_source_timestamp":2145041935779899,"circlet_count":0,"master_deck":["AscendersBane","Strike_G","Strike_G","Defend_G","Defend_G","Defend_G","Defend_G","Defend_G","Survivor","Neutralize+1","Cloak And Dagger","Poisoned Stab+1","Noxious Fumes+1","Crippling Poison","Escape Plan","Noxious Fumes+1","After Image+1","Escape Plan","Prepared","Deadly Poison+1","Bane","PiercingWail+1","Prepared","Cloak And Dagger","Escape Plan+1","Prepared","Burst+1","Blur","Deadly Poison+1","Sucker Punch","Tools of the Trade","Neutralize+1","Reflex","After Image+1"],"relics":["Ring of the Snake","Nunchaku","Bottled Flame","Question Card","Thread and Needle","Omamori","Cursed Key","Red Mask","Lee\u0027s Waffle","Boot","HornCleat","Matryoshka","SlaversCollar","Incense Burner","Blood Vial","MealTicket","Paper Crane","Snake Skull"],"potions_floor_usage":[12,50],"damage_taken":[{"damage":0,"enemies":"Cultist","floor":1,"turns":4},{"damage":1,"enemies":"2 Louse","floor":2,"turns":4},{"damage":3,"enemies":"Jaw Worm","floor":3,"turns":5},{"damage":8,"enemies":"Exordium Thugs","floor":4,"turns":5},{"damage":14,"enemies":"3 Sentries","floor":7,"turns":9},{"damage":0,"enemies":"Large Slime","floor":11,"turns":5},{"damage":2,"enemies":"Gremlin Nob","floor":12,"turns":4},{"damage":1,"enemies":"2 Fungi Beasts","floor":14,"turns":4},{"damage":15,"enemies":"The Guardian","floor":16,"turns":9},{"damage":0,"enemies":"Spheric Guardian","floor":18,"turns":5},{"damage":39,"enemies":"Masked Bandits","floor":19,"turns":5},{"damage":0,"enemies":"Chosen","floor":23,"turns":6},{"damage":0,"enemies":"Centurion and Healer","floor":27,"turns":6},{"damage":2,"enemies":"Book of Stabbing","floor":28,"turns":6},{"damage":0,"enemies":"Snake Plant","floor":29,"turns":4},{"damage":6,"enemies":"Slavers","floor":31,"turns":6},{"damage":52,"enemies":"Champ","floor":33,"turns":13},{"damage":0,"enemies":"Orb Walker","floor":35,"turns":4},{"damage":0,"enemies":"3 Darklings","floor":36,"turns":5},{"damage":0,"enemies":"Mind Bloom Boss Battle","floor":37,"turns":8},{"damage":6,"enemies":"Writhing Mass","floor":38,"turns":6},{"damage":0,"enemies":"4 Shapes","floor":41,"turns":8},{"damage":0,"enemies":"3 Darklings","floor":48,"turns":7},{"damage":10,"enemies":"Awakened One","floor":50,"turns":16}],"seed_played":"1927958990030615259","potions_obtained":[{"floor":1,"key":"GhostInAJar"},{"floor":11,"key":"Block Potion"},{"floor":12,"key":"SmokeBomb"}],"is_trial":false,"path_per_floor":["M","M","M","M","T","R","?","R","T","R","M","E","$","M","R","B",null,"M","?","$","?","?","M","R","?","T","M","E","M","R","E","R","B",null,"M","M","?","M","?","R","M","R","T","?","R","$","$","M","R","B",null],"character_chosen":"THE_SILENT","items_purchased":["Omamori","Lee\u0027s Waffle","Paper Crane","Snake Skull"],"campfire_rested":1,"item_purchase_floors":[13,20,46,46],"current_hp_per_floor":[59,58,55,47,47,47,33,33,33,52,52,50,50,49,49,34,58,58,19,73,73,73,73,73,73,73,73,71,71,71,65,65,13,58,58,58,58,52,52,52,52,52,52,52,52,67,70,70,70,60],"gold":20,"neow_bonus":"UPGRADE_CARD","is_prod":false,"is_daily":false,"chose_seed":false,"campfire_upgraded":10,"win_rate":0,"timestamp":1693716615,"path_taken":["M","M","M","M","?","R","?","R","T","R","M","E","$","M","R","BOSS","M","?","$","?","?","M","R","?","T","?","E","M","R","E","R","BOSS","M","M","?","M","?","R","?","R","T","?","R","?","$","M","R","BOSS"],"build_version":"2022-12-18","purchased_purges":2,"victory":true,"max_hp_per_floor":[66,66,66,66,66,66,66,66,66,66,66,66,66,66,66,66,66,66,66,73,73,73,73,73,73,73,73,73,73,73,73,73,73,73,73,73,73,73,73,73,73,73,73,73,73,70,70,70,70,70],"card_choices":[{"not_picked":["Calculated Gamble","Dodge and Roll"],"picked":"Cloak And Dagger","floor":1},{"not_picked":["Noxious Fumes","Riddle With Holes"],"picked":"Poisoned Stab","floor":2},{"not_picked":["Eviscerate","Blade Dance"],"picked":"Noxious Fumes","floor":3},{"not_picked":["Underhanded Strike","Acrobatics","Cloak And Dagger"],"picked":"SKIP","floor":4},{"not_picked":["Bane","Dagger Spray"],"picked":"Crippling Poison","floor":7},{"not_picked":["PiercingWail","Dagger Throw","Blade Dance"],"picked":"Escape Plan","floor":11},{"not_picked":["Acrobatics","Malaise","Dagger Throw"],"picked":"Noxious Fumes","floor":12},{"not_picked":["Blade Dance","Endless Agony","Terror","Predator"],"picked":"SKIP","floor":14},{"not_picked":["Phantasmal Killer","A Thousand Cuts","Adrenaline"],"picked":"After Image","floor":16},{"not_picked":["Backstab","Heel Hook","Finisher"],"picked":"Escape Plan","floor":18},{"not_picked":["Setup","Poisoned Stab","Quick Slash+1"],"picked":"Prepared","floor":19},{"not_picked":["Underhanded Strike","Bouncing Flask","Storm of Steel"],"picked":"Prepared","floor":23},{"not_picked":["Dodge and Roll","Skewer","Dagger Spray","Bane"],"picked":"SKIP","floor":27},{"not_picked":["Well Laid Plans","Dodge and Roll","Terror"],"picked":"Cloak And Dagger","floor":28},{"not_picked":["Finisher","Well Laid Plans","Expertise"],"picked":"Escape Plan+1","floor":29},{"not_picked":["Envenom","Flying Knee","Well Laid Plans"],"picked":"Prepared","floor":31},{"not_picked":["Envenom","Phantasmal Killer","Malaise"],"picked":"Burst","floor":33},{"not_picked":["Infinite Blades","Leg Sweep","Quick Slash+1"],"picked":"Blur","floor":35},{"not_picked":["Acrobatics","Underhanded Strike","Eviscerate","All Out Attack"],"picked":"SKIP","floor":36},{"not_picked":["Backflip+1","Distraction+1","Sucker Punch"],"picked":"Deadly Poison","floor":37},{"not_picked":["Blade Dance+1","Prepared+1","Cloak And Dagger"],"picked":"Sucker Punch","floor":38},{"not_picked":["Tactician","Slice","Skewer","Deflect"],"picked":"SKIP","floor":41},{"not_picked":["Endless Agony","Dodge and Roll","Leg Sweep"],"picked":"After Image","floor":48}],"player_experience":453483,"relics_obtained":[{"floor":5,"key":"Nunchaku"},{"floor":7,"key":"Bottled Flame"},{"floor":9,"key":"Question Card"},{"floor":12,"key":"Thread and Needle"},{"floor":19,"key":"Red Mask"},{"floor":26,"key":"Boot"},{"floor":28,"key":"HornCleat"},{"floor":31,"key":"Matryoshka"},{"floor":37,"key":"Incense Burner"},{"floor":43,"key":"Blood Vial"},{"floor":43,"key":"MealTicket"}],"event_choices":[{"damage_healed":0,"gold_gain":0,"player_choice":"Searched \u00272\u0027 times","damage_taken":0,"max_hp_gain":0,"max_hp_loss":0,"event_name":"Dead Adventurer","floor":7,"gold_loss":0},{"damage_healed":0,"gold_gain":0,"player_choice":"Fought Bandits","damage_taken":0,"max_hp_gain":0,"max_hp_loss":0,"event_name":"Masked Bandits","floor":19,"gold_loss":0},{"damage_healed":0,"gold_gain":0,"cards_transformed":["Strike_G","Strike_G"],"player_choice":"Became Test Subject","damage_taken":0,"max_hp_gain":0,"max_hp_loss":0,"event_name":"Drug Dealer","floor":21,"gold_loss":0,"cards_obtained":["Deadly Poison","Bane"]},{"damage_healed":0,"gold_gain":0,"player_choice":"Read","damage_taken":0,"max_hp_gain":0,"max_hp_loss":0,"event_name":"The Library","floor":22,"gold_loss":0,"cards_obtained":["PiercingWail"]},{"damage_healed":0,"gold_gain":0,"player_choice":"Fight","damage_taken":0,"max_hp_gain":0,"max_hp_loss":0,"event_name":"MindBloom","floor":37,"gold_loss":0},{"damage_healed":0,"gold_gain":0,"player_choice":"3 cards matched","damage_taken":0,"max_hp_gain":0,"max_hp_loss":0,"event_name":"Match and Keep!","floor":39,"gold_loss":0,"cards_obtained":["Tools of the Trade","Neutralize","Reflex"]},{"damage_healed":0,"gold_gain":222,"player_choice":"Wore Mask","damage_taken":0,"max_hp_gain":0,"max_hp_loss":0,"event_name":"Tomb of Lord Red Mask","floor":44,"gold_loss":0}],"is_beta":false,"boss_relics":[{"not_picked":["Velvet Choker","Fusion Hammer"],"picked":"Cursed Key"},{"not_picked":["HoveringKite","Astrolabe"],"picked":"SlaversCollar"}],"items_purged_floors":[13,46],"is_endless":false,"potions_floor_spawned":[1,11,12,16,23,29,31,33,35,36],"ascension_level":15}