{"gold_per_floor":[110,110,23,34,34,34,63,63,63,80,95,170,170,183,183,261,261,274,234,245,261,186,186,206,218,245,245,260,260,260,290,290,290],"floor_reached":33,"playtime":1328,"items_purged":["Strike_G"],"score":526,"play_id":"fb7511c3-eaea-4da3-9b4c-51b0d20aa832","local_time":"20230904143947","is_ascension_mode":true,"campfire_choices":[{"floor":6,"key":"REST"},{"data":"Noxious Fumes","floor":13,"key":"SMITH"},{"data":"Neutralize","floor":15,"key":"SMITH"},{"data":"Defend_G","floor":23,"key":"SMITH"},{"floor":27,"key":"REST"},{"data":"Leg Sweep","floor":29,"key":"SMITH"},{"data":"Backflip","floor":32,"key":"SMITH"}],"neow_cost":"PERCENT_DAMAGE","seed_source_timestamp":2293546892525700,"circlet_count":0,"master_deck":["AscendersBane","Strike_G","Strike_G","Strike_G+1","Strike_G","Defend_G","Defend_G","Defend_G","Defend_G","Defend_G+1","Survivor","Neutralize+1","Deadly Poison","Noxious Fumes+1","Deflect+1","Crippling Poison","PiercingWail","Doppelganger","Leg Sweep+1","Catalyst","Backflip+1","Prepared"],"relics":["Ring of the Snake","Snake Skull","Bottled Tornado","Velvet Choker","Vajra","Thread and Needle"],"potions_floor_usage":[7,14,33],"damage_taken":[{"damage":3,"enemies":"Small Slimes","floor":1,"turns":6},{"damage":0,"enemies":"2 Louse","floor":4,"turns":2},{"damage":8,"enemies":"3 Sentries","floor":7,"turns":9},{"damage":0,"enemies":"Cultist","floor":10,"turns":3},{"damage":5,"enemies":"3 Louse","floor":11,"turns":3},{"damage":0,"enemies":"Lots of Slimes","floor":14,"turns":3},{"damage":2,"enemies":"Hexaghost","floor":16,"turns":9},{"damage":1,"enemies":"Spheric Guardian","floor":18,"turns":4},{"damage":6,"enemies":"3 Byrds","floor":20,"turns":4},{"damage":16,"enemies":"Centurion and Healer","floor":21,"turns":6},{"damage":17,"enemies":"Snake Plant","floor":24,"turns":5},{"damage":11,"enemies":"Cultist and Chosen","floor":25,"turns":6},{"damage":3,"enemies":"Centurion and Healer","floor":28,"turns":6},{"damage":0,"enemies":"Gremlin Leader","floor":31,"turns":7},{"damage":50,"enemies":"Champ","floor":33,"turns":9}],"seed_played":"7808606413630126966","potions_obtained":[{"floor":4,"key":"SkillPotion"},{"floor":7,"key":"Energy Potion"},{"floor":10,"key":"ColorlessPotion"},{"floor":19,"key":"PowerPotion"},{"floor":19,"key":"DuplicationPotion"}],"is_trial":false,"path_per_floor":["M","?","$","M","?","R","E","?","T","M","M","?","R","M","R","B",null,"M","?","M","M","$","R","M","M","T","R","M","R","?","E","R","B"],"character_chosen":"THE_SILENT","items_purchased":["Noxious Fumes"],"campfire_rested":2,"item_purchase_floors":[3],"current_hp_per_floor":[53,58,58,58,33,57,49,49,49,49,44,33,33,33,33,31,70,69,69,63,47,47,47,30,19,19,43,40,40,40,40,40,0],"gold":290,"neow_bonus":"TWENTY_PERCENT_HP_BONUS","is_prod":false,"is_daily":false,"chose_seed":false,"campfire_upgraded":5,"win_rate":0,"timestamp":1693863587,"path_taken":["M","?","$","M","?","R","E","?","T","M","M","?","R","M","R","BOSS","M","?","M","?","$","R","M","M","T","R","M","R","?","E","R","BOSS"],"build_version":"2022-12-18","purchased_purges":1,"victory":false,"max_hp_per_floor":[78,83,83,83,83,83,83,83,83,83,83,83,83,83,83,83,83,83,83,83,83,83,83,83,83,83,83,83,83,83,83,83,83],"card_choices":[{"not_picked":["Outmaneuver","Tactician"],"picked":"Deadly Poison","floor":1},{"not_picked":["Flying Knee","Blade Dance"],"picked":"Deflect","floor":4},{"not_picked":["Cloak And Dagger","Tactician"],"picked":"Crippling Poison","floor":7},{"not_picked":["Outmaneuver","A Thousand Cuts","Dagger Spray"],"picked":"SKIP","floor":10},{"not_picked":["Outmaneuver","Underhanded Strike","Acrobatics"],"picked":"SKIP","floor":11},{"not_picked":["Masterful Stab","Expertise"],"picked":"PiercingWail","floor":14},{"not_picked":["Grand Finale","Phantasmal Killer"],"picked":"Doppelganger","floor":16},{"not_picked":["Bane","Flying Knee","Underhanded Strike"],"picked":"SKIP","floor":18},{"not_picked":["Flying Knee","Expertise"],"picked":"Leg Sweep","floor":20},{"not_picked":["Accuracy","Dodge and Roll"],"picked":"Catalyst","floor":21},{"not_picked":["Setup","Accuracy"],"picked":"Backflip","floor":24},{"not_picked":["Heel Hook","Endless Agony","Acrobatics"],"picked":"SKIP","floor":25},{"not_picked":["Quick Slash","Backstab"],"picked":"Prepared","floor":28},{"not_picked":["Dodge and Roll","Blade Dance+1","Outmaneuver"],"picked":"SKIP","floor":31}],"player_experience":479179,"relics_obtained":[{"floor":7,"key":"Snake Skull"},{"floor":9,"key":"Bottled Tornado"},{"floor":26,"key":"Vajra"},{"floor":31,"key":"Thread and Needle"}],"event_choices":[{"damage_healed":0,"gold_gain":0,"player_choice":"Donut","damage_taken":0,"max_hp_gain":5,"max_hp_loss":0,"event_name":"Big Fish","floor":2,"gold_loss":0},{"damage_healed":0,"gold_gain":0,"player_choice":"Entered Light","damage_taken":25,"max_hp_gain":0,"max_hp_loss":0,"event_name":"Shining Light","floor":5,"gold_loss":0,"cards_upgraded":["Deflect","Strike_G"]},{"damage_healed":0,"gold_gain":0,"player_choice":"Ignored","damage_taken":0,"max_hp_gain":0,"max_hp_loss":0,"event_name":"Liars Game","floor":8,"gold_loss":0},{"damage_healed":0,"gold_gain":75,"player_choice":"Gather Gold","damage_taken":11,"max_hp_gain":0,"max_hp_loss":0,"event_name":"World of Goop","floor":12,"gold_loss":0},{"damage_healed":0,"gold_gain":0,"player_choice":"Bought 3 Potions","damage_taken":0,"max_hp_gain":0,"max_hp_loss":0,"event_name":"The Woman in Blue","floor":19,"gold_loss":0},{"damage_healed":0,"gold_gain":0,"player_choice":"0 cards matched","damage_taken":0,"max_hp_gain":0,"max_hp_loss":0,"event_name":"Match and Keep!","floor":30,"gold_loss":0,"cards_obtained":[]}],"is_beta":false,"boss_relics":[{"not_picked":["Tiny House","Ectoplasm"],"picked":"Velvet Choker"}],"items_purged_floors":[22],"is_endless":false,"potions_floor_spawned":[4,7,10,20,24],"killed_by":"Champ","ascension_level":16}