{"gold_per_floor":[110,185,195,195,49,49,49,49,49,49,63,76,108,118,118,194,194,208,133,43,54,54,54,68,68,68,80,30,41,41,53,53,53],"floor_reached":33,"playtime":1509,"items_purged":["Strike_G","Defend_G"],"score":424,"play_id":"cbb93d8a-5a7e-4761-8896-7d3dd2e0e841","local_time":"20230829190343","is_ascension_mode":true,"campfire_choices":[{"data":"Poisoned Stab","floor":6,"key":"SMITH"},{"data":"Infinite Blades","floor":8,"key":"SMITH"},{"data":"Cloak And Dagger","floor":10,"key":"SMITH"},{"data":"Blade Dance","floor":15,"key":"SMITH"},{"floor":23,"key":"REST"},{"data":"Footwork","floor":25,"key":"SMITH"},{"data":"1","floor":30,"key":"LIFT"},{"floor":32,"key":"REST"}],"neow_cost":"TEN_PERCENT_HP_LOSS","seed_source_timestamp":1790783438659500,"circlet_count":0,"master_deck":["AscendersBane","Defend_G+1","Defend_G","Defend_G","Defend_G","Survivor","Neutralize+1","Poisoned Stab+1","Cloak And Dagger+1","Infinite Blades+1","Blade Dance+1","Footwork+1","Terror","Cloak And Dagger","Deflect","PiercingWail"],"relics":["Ring of the Serpent","Shovel","Smiling Mask","Girya"],"potions_floor_usage":[7,31],"damage_taken":[{"damage":1,"enemies":"Small Slimes","floor":1,"turns":4},{"damage":0,"enemies":"Cultist","floor":3,"turns":4},{"damage":0,"enemies":"Gremlin Nob","floor":7,"turns":1},{"damage":1,"enemies":"Jaw Worm","floor":11,"turns":2},{"damage":0,"enemies":"Exordium Thugs","floor":12,"turns":5},{"damage":18,"enemies":"3 Sentries","floor":13,"turns":8},{"damage":3,"enemies":"Exordium Wildlife","floor":14,"turns":4},{"damage":25,"enemies":"Hexaghost","floor":16,"turns":11},{"damage":16,"enemies":"Spheric Guardian","floor":18,"turns":4},{"damage":0,"enemies":"Shell Parasite","floor":21,"turns":7},{"damage":8,"enemies":"Sentry and Sphere","floor":24,"turns":10},{"damage":3,"enemies":"Shelled Parasite and Fungi","floor":27,"turns":6},{"damage":7,"enemies":"Cultist and Chosen","floor":29,"turns":8},{"damage":7,"enemies":"Centurion and Healer","floor":31,"turns":5},{"damage":66,"enemies":"Champ","floor":33,"turns":17}],"seed_played":"6174271769889299036","potions_obtained":[{"floor":1,"key":"SmokeBomb"},{"floor":11,"key":"Ancient Potion"},{"floor":13,"key":"SpeedPotion"},{"floor":21,"key":"FearPotion"},{"floor":29,"key":"PowerPotion"}],"is_trial":false,"path_per_floor":["M","?","M","?","$","R","E","R","T","R","M","M","E","M","R","B",null,"M","?","?","M","?","R","M","R","T","M","$","M","R","M","R","B"],"character_chosen":"THE_SILENT","items_purchased":["Infinite Blades"],"campfire_rested":2,"item_purchase_floors":[5],"current_hp_per_floor":[62,56,56,56,56,56,56,56,56,56,55,55,37,34,34,9,50,34,34,34,34,23,43,35,35,35,32,32,25,25,18,38,0],"gold":53,"neow_bonus":"REMOVE_TWO","is_prod":false,"is_daily":false,"chose_seed":false,"campfire_upgraded":5,"win_rate":0,"timestamp":1693361023,"path_taken":["M","?","?","?","$","R","E","R","T","R","?","M","E","M","R","BOSS","M","?","?","?","?","R","M","R","T","M","$","M","R","M","R","BOSS"],"build_version":"2022-12-18","purchased_purges":2,"victory":false,"max_hp_per_floor":[63,63,63,63,63,63,63,63,63,63,63,63,63,63,63,63,63,63,63,63,63,68,68,68,68,68,68,68,68,68,68,68,68],"card_choices":[{"not_picked":["Deflect","Slice"],"picked":"Poisoned Stab","floor":1},{"not_picked":["Backstab","Backflip"],"picked":"Cloak And Dagger","floor":3},{"not_picked":["Doppelganger","Dagger Throw","Skewer"],"picked":"SKIP","floor":11},{"not_picked":["Flying Knee","Reflex"],"picked":"Blade Dance","floor":12},{"not_picked":["Dodge and Roll","Predator","Bouncing Flask"],"picked":"SKIP","floor":13},{"not_picked":["Backflip","Poisoned Stab","Quick Slash"],"picked":"SKIP","floor":14},{"not_picked":["Slice+1","Acrobatics","Flying Knee"],"picked":"SKIP","floor":18},{"not_picked":["Leg Sweep","Sucker Punch"],"picked":"Footwork","floor":21},{"not_picked":["Blade Dance","Deflect"],"picked":"Terror","floor":24},{"not_picked":["Dodge and Roll","Reflex"],"picked":"Cloak And Dagger","floor":27},{"not_picked":["Infinite Blades","Dagger Throw"],"picked":"Deflect","floor":29},{"not_picked":["Skewer","Reflex"],"picked":"PiercingWail","floor":31}],"player_experience":421617,"relics_obtained":[{"floor":9,"key":"Shovel"},{"floor":13,"key":"Smiling Mask"},{"floor":26,"key":"Girya"}],"event_choices":[{"damage_healed":0,"gold_gain":75,"player_choice":"Touch","damage_taken":6,"max_hp_gain":0,"max_hp_loss":0,"event_name":"FaceTrader","floor":2,"gold_loss":0},{"damage_healed":0,"gold_gain":0,"player_choice":"Upgraded","damage_taken":0,"max_hp_gain":0,"max_hp_loss":0,"event_name":"Upgrade Shrine","floor":4,"gold_loss":0,"cards_upgraded":["Neutralize"]},{"cards_removed":["Strike_G"],"damage_healed":0,"gold_gain":0,"player_choice":"Gave Gold","damage_taken":0,"max_hp_gain":0,"max_hp_loss":0,"event_name":"Beggar","floor":19,"gold_loss":75},{"cards_removed":["Strike_G"],"damage_healed":0,"gold_gain":0,"player_choice":"Upgrade and Remove","damage_taken":0,"max_hp_gain":0,"max_hp_loss":0,"event_name":"Designer","floor":20,"gold_loss":90,"cards_upgraded":["Defend_G"]},{"damage_healed":0,"gold_gain":0,"player_choice":"Shed Blood","damage_taken":16,"max_hp_gain":5,"max_hp_loss":0,"event_name":"Forgotten Altar","floor":22,"gold_loss":0}],"is_beta":false,"boss_relics":[{"not_picked":["Cursed Key","Velvet Choker"],"picked":"Ring of the Serpent"}],"items_purged_floors":[5,28],"is_endless":false,"potions_floor_spawned":[1,11,13,14,21,27,29],"killed_by":"Champ","ascension_level":13}