{"gold_per_floor":[119,119,46,60,74,74,85,101,101,66,66,166,180,191,191,289,289,272,286,286,211,211,66,79,79,105,105,117,35,54,66,66,66],"floor_reached":33,"playtime":1630,"items_purged":["Strike_G+1","Strike_G+1"],"score":386,"play_id":"66036d87-5c1c-4f6a-88cd-d5a32e2cec43","local_time":"20230827214944","is_ascension_mode":true,"campfire_choices":[{"data":"Neutralize","floor":6,"key":"SMITH"},{"data":"Cloak And Dagger","floor":11,"key":"SMITH"},{"data":"Poisoned Stab","floor":15,"key":"SMITH"},{"data":"A Thousand Cuts","floor":25,"key":"SMITH"},{"data":"Footwork","floor":27,"key":"SMITH"},{"data":"Infinite Blades","floor":32,"key":"SMITH"}],"neow_cost":"NONE","seed_source_timestamp":1627812484489700,"circlet_count":0,"master_deck":["AscendersBane","Strike_G+1","Strike_G+1","Strike_G+1","Defend_G+1","Defend_G+1","Defend_G+1","Defend_G+1","Defend_G+1","Survivor","Neutralize+1","Cloak And Dagger+1","Footwork","Blade Dance","PiercingWail","Backflip","Poisoned Stab+1","Footwork+1","Cloak And Dagger","Leg Sweep","A Thousand Cuts+1","Noxious Fumes+1","Deadly Poison","Infinite Blades+1","Noxious Fumes","Prepared"],"relics":["Ring of the Snake","Omamori","Bottled Flame","Sozu","Bronze Scales"],"potions_floor_usage":[4,16],"damage_taken":[{"damage":10,"enemies":"Cultist","floor":1,"turns":6},{"damage":0,"enemies":"2 Louse","floor":4,"turns":7},{"damage":0,"enemies":"Jaw Worm","floor":5,"turns":4},{"damage":0,"enemies":"3 Louse","floor":7,"turns":3},{"damage":2,"enemies":"Exordium Wildlife","floor":8,"turns":8},{"damage":2,"enemies":"2 Fungi Beasts","floor":13,"turns":5},{"damage":0,"enemies":"Blue Slaver","floor":14,"turns":5},{"damage":40,"enemies":"Hexaghost","floor":16,"turns":17},{"damage":0,"enemies":"2 Thieves","floor":18,"turns":4},{"damage":22,"enemies":"Spheric Guardian","floor":19,"turns":5},{"damage":1,"enemies":"Centurion and Healer","floor":24,"turns":8},{"damage":0,"enemies":"Cultist and Chosen","floor":28,"turns":7},{"damage":2,"enemies":"Shelled Parasite and Fungi","floor":30,"turns":5},{"damage":5,"enemies":"Snake Plant","floor":31,"turns":4},{"damage":37,"enemies":"Automaton","floor":33,"turns":10}],"seed_played":"7067071602207257818","potions_obtained":[{"floor":4,"key":"Fruit Juice"},{"floor":7,"key":"Ancient Potion"},{"floor":13,"key":"SneckoOil"},{"floor":14,"key":"DuplicationPotion"}],"is_trial":false,"path_per_floor":["M","T","$","M","M","R","M","M","T","$","R","?","M","M","R","B",null,"M","M","?","$","?","$","M","R","T","R","M","$","M","M","R","B"],"character_chosen":"THE_SILENT","items_purchased":["Footwork","Footwork","Deadly Poison","Noxious Fumes"],"campfire_rested":0,"item_purchase_floors":[3,10,23,29],"current_hp_per_floor":[60,60,60,65,65,65,65,63,63,63,63,63,61,61,61,21,67,67,45,45,45,45,45,44,44,44,44,44,44,42,37,37,0],"gold":66,"neow_bonus":"TEN_PERCENT_HP_BONUS","is_prod":false,"is_daily":false,"chose_seed":false,"campfire_upgraded":6,"win_rate":0,"timestamp":1693198184,"path_taken":["M","?","$","M","M","R","?","M","T","$","R","?","M","?","R","BOSS","M","M","?","$","?","?","M","R","T","R","M","$","M","M","R","BOSS"],"build_version":"2022-12-18","purchased_purges":2,"victory":false,"max_hp_per_floor":[77,77,77,82,82,82,82,82,82,82,82,82,82,82,82,82,82,82,82,82,82,82,82,82,82,82,82,82,82,82,82,82,82],"card_choices":[{"not_picked":["Flying Knee","Leg Sweep"],"picked":"Cloak And Dagger","floor":1},{"not_picked":["Underhanded Strike","Endless Agony"],"picked":"Blade Dance","floor":4},{"not_picked":["Backflip","Prepared"],"picked":"PiercingWail","floor":5},{"not_picked":["Sucker Punch","Acrobatics"],"picked":"Backflip","floor":7},{"not_picked":["Bane","Sucker Punch"],"picked":"Poisoned Stab","floor":8},{"not_picked":["Slice","PiercingWail"],"picked":"Cloak And Dagger","floor":13},{"not_picked":["Deadly Poison","Underhanded Strike"],"picked":"Leg Sweep","floor":14},{"not_picked":["Unload","Tools of the Trade"],"picked":"A Thousand Cuts","floor":16},{"not_picked":["Dagger Throw+1","Underhanded Strike"],"picked":"Noxious Fumes+1","floor":18},{"not_picked":["Flying Knee","Setup","Catalyst"],"picked":"SKIP","floor":19},{"not_picked":["Concentrate","Riddle With Holes+1","Night Terror"],"picked":"SKIP","floor":24},{"not_picked":["Heel Hook+1","Slice"],"picked":"Infinite Blades","floor":28},{"not_picked":["Dagger Throw","Expertise"],"picked":"Prepared","floor":30},{"not_picked":["Underhanded Strike","Flechettes","Deadly Poison"],"picked":"SKIP","floor":31}],"player_experience":402593,"relics_obtained":[{"floor":2,"key":"Omamori"},{"floor":9,"key":"Bottled Flame"},{"floor":26,"key":"Bronze Scales"}],"event_choices":[{"damage_healed":0,"gold_gain":100,"player_choice":"Pray","damage_taken":0,"max_hp_gain":0,"max_hp_loss":0,"event_name":"Golden Shrine","floor":12,"gold_loss":0},{"damage_healed":0,"gold_gain":0,"player_choice":"Simplicity","damage_taken":0,"max_hp_gain":0,"max_hp_loss":0,"event_name":"Back to Basics","floor":20,"gold_loss":0,"cards_upgraded":["Strike_G","Strike_G","Strike_G","Strike_G","Strike_G","Defend_G","Defend_G","Defend_G","Defend_G","Defend_G"]},{"damage_healed":0,"gold_gain":0,"player_choice":"Ignored","damage_taken":0,"max_hp_gain":0,"max_hp_loss":0,"event_name":"Ghosts","floor":22,"gold_loss":0}],"is_beta":false,"boss_relics":[{"not_picked":["Astrolabe","Coffee Dripper"],"picked":"Sozu"}],"items_purged_floors":[21,23],"is_endless":false,"potions_floor_spawned":[4,7,13,14,30],"killed_by":"Automaton","ascension_level":12}