{"gold_per_floor":[119,129,54,54,68,68,86,114,137,156,184,202,202,57,57,131,131,115,130,55,70,70,70,70],"floor_reached":24,"playtime":1090,"items_purged":["Strike_G","Strike_G"],"score":374,"play_id":"2af3640f-a2f4-4240-b25d-29117488a2a3","local_time":"20230904125842","is_ascension_mode":true,"campfire_choices":[{"data":"Flechettes","floor":6,"key":"SMITH"},{"data":"Neutralize","floor":13,"key":"SMITH"},{"data":"Survivor","floor":15,"key":"SMITH"},{"floor":23,"key":"REST"}],"neow_cost":"NONE","seed_source_timestamp":2287718311537400,"circlet_count":0,"master_deck":["AscendersBane","Strike_G","Strike_G","Defend_G","Defend_G","Defend_G","Defend_G","Defend_G","Survivor+1","Neutralize+1","Flechettes+1","Acrobatics","Tactician","Blade Dance","Deflect","Tools of the Trade","Terror","A Thousand Cuts","Decay"],"relics":["Ring of the Snake","Potion Belt","PreservedInsect","Bag of Preparation","Busted Crown"],"potions_floor_usage":[11,12,16],"damage_taken":[{"damage":0,"enemies":"Cultist","floor":1,"turns":5},{"damage":1,"enemies":"Jaw Worm","floor":2,"turns":3},{"damage":3,"enemies":"Small Slimes","floor":5,"turns":5},{"damage":0,"enemies":"Exordium Wildlife","floor":7,"turns":3},{"damage":19,"enemies":"3 Sentries","floor":8,"turns":8},{"damage":6,"enemies":"3 Louse","floor":10,"turns":4},{"damage":8,"enemies":"Lagavulin","floor":11,"turns":4},{"damage":0,"enemies":"Lots of Slimes","floor":12,"turns":3},{"damage":7,"enemies":"Hexaghost","floor":16,"turns":8},{"damage":24,"enemies":"2 Thieves","floor":18,"turns":4},{"damage":2,"enemies":"Spheric Guardian","floor":19,"turns":3},{"damage":27,"enemies":"Snecko","floor":21,"turns":6},{"damage":32,"enemies":"Slavers","floor":24,"turns":1}],"seed_played":"-9157187998000917718","potions_obtained":[{"floor":2,"key":"LiquidMemories"},{"floor":4,"key":"CultistPotion"},{"floor":4,"key":"CunningPotion"},{"floor":7,"key":"Fire Potion"},{"floor":12,"key":"AttackPotion"}],"is_trial":false,"path_per_floor":["M","M","$","?","M","R","M","E","T","M","E","M","R","$","R","B",null,"M","M","?","M","?","R","E"],"character_chosen":"THE_SILENT","items_purchased":["Terror"],"campfire_rested":1,"item_purchase_floors":[14],"current_hp_per_floor":[65,64,64,64,61,61,61,42,42,36,28,28,28,28,28,21,59,35,33,33,6,6,27,0],"gold":70,"neow_bonus":"TEN_PERCENT_HP_BONUS","is_prod":false,"is_daily":false,"chose_seed":false,"campfire_upgraded":3,"win_rate":0,"timestamp":1693857522,"path_taken":["M","M","$","?","M","R","M","E","T","?","E","M","R","$","R","BOSS","M","?","?","M","?","R","E"],"build_version":"2022-12-18","purchased_purges":2,"victory":false,"max_hp_per_floor":[72,72,72,72,72,72,72,72,72,72,72,72,72,72,72,72,72,72,72,72,72,72,72,72],"card_choices":[{"not_picked":["Deflect","Quick Slash"],"picked":"Flechettes","floor":1},{"not_picked":["Slice","Dagger Throw"],"picked":"Acrobatics","floor":2},{"not_picked":["Dagger Spray","Dagger Throw"],"picked":"Tactician","floor":5},{"not_picked":["Envenom","Dagger Spray"],"picked":"Blade Dance","floor":7},{"not_picked":["Acrobatics","Choke","Slice"],"picked":"SKIP","floor":8},{"not_picked":["Dodge and Roll","Sucker Punch"],"picked":"Deflect","floor":10},{"not_picked":["Deadly Poison","Deflect"],"picked":"Tools of the Trade","floor":11},{"not_picked":["Flechettes","Outmaneuver","Well Laid Plans"],"picked":"SKIP","floor":12},{"not_picked":["Grand Finale","Bullet Time"],"picked":"A Thousand Cuts","floor":16},{"not_picked":["Dagger Throw"],"picked":"SKIP","floor":18},{"not_picked":["Poisoned Stab+1"],"picked":"SKIP","floor":19},{"not_picked":["Expertise"],"picked":"SKIP","floor":21}],"player_experience":478089,"relics_obtained":[{"floor":8,"key":"Potion Belt"},{"floor":9,"key":"PreservedInsect"},{"floor":11,"key":"Bag of Preparation"}],"event_choices":[{"damage_healed":0,"gold_gain":0,"player_choice":"Got Potions","damage_taken":0,"max_hp_gain":0,"max_hp_loss":0,"event_name":"Lab","floor":4,"gold_loss":0},{"cards_removed":["Strike_G"],"damage_healed":0,"gold_gain":0,"player_choice":"Gave Gold","damage_taken":0,"max_hp_gain":0,"max_hp_loss":0,"event_name":"Beggar","floor":20,"gold_loss":75},{"damage_healed":0,"gold_gain":0,"player_choice":"Smashed Altar","damage_taken":0,"max_hp_gain":0,"max_hp_loss":0,"event_name":"Forgotten Altar","floor":22,"gold_loss":0,"cards_obtained":["Decay"]}],"is_beta":false,"boss_relics":[{"not_picked":["Sozu","Black Star"],"picked":"Busted Crown"}],"items_purged_floors":[3,14],"is_endless":false,"potions_floor_spawned":[2,5,7,12],"killed_by":"Slavers","ascension_level":16}