{"gold_per_floor":[116,134,146,116,136,136,153,2,2,77,77,90,102,102,102,176,176,176,176,76,0,0,0,0,0,0,0,0,0,0,0],"floor_reached":31,"playtime":1315,"items_purged":["Strike_G","Strike_G"],"score":414,"play_id":"37e8b333-7658-480d-b223-4dd062ade450","local_time":"20230829193311","is_ascension_mode":true,"campfire_choices":[{"data":"Deadly Poison","floor":6,"key":"SMITH"},{"floor":15,"key":"REST"},{"data":"Cloak And Dagger","floor":23,"key":"SMITH"},{"data":"Accuracy","floor":25,"key":"SMITH"},{"floor":27,"key":"REST"}],"neow_cost":"NONE","seed_source_timestamp":1792749809422900,"circlet_count":0,"master_deck":["AscendersBane","Strike_G","Strike_G","Defend_G","Defend_G","Defend_G","Defend_G","Defend_G","Survivor","Neutralize","Deadly Poison+1","Accuracy+1","Escape Plan","Deflect","Infinite Blades","PiercingWail","Calculated Gamble","Cloak And Dagger+1","Terror","Prepared","Finisher+1","Backflip","PiercingWail"],"relics":["Ring of the Snake","Ninja Scroll","Ectoplasm","MealTicket","Bottled Flame"],"potions_floor_usage":[24,30],"damage_taken":[{"damage":0,"enemies":"Jaw Worm","floor":1,"turns":5},{"damage":0,"enemies":"Cultist","floor":2,"turns":4},{"damage":0,"enemies":"2 Louse","floor":3,"turns":3},{"damage":1,"enemies":"Looter","floor":4,"turns":4},{"damage":35,"enemies":"Lots of Slimes","floor":5,"turns":9},{"damage":10,"enemies":"Red Slaver","floor":7,"turns":5},{"damage":3,"enemies":"Blue Slaver","floor":12,"turns":4},{"damage":0,"enemies":"3 Louse","floor":13,"turns":3},{"damage":3,"enemies":"The Guardian","floor":16,"turns":12},{"damage":16,"enemies":"Spheric Guardian","floor":18,"turns":6},{"damage":0,"enemies":"Chosen","floor":19,"turns":3},{"damage":12,"enemies":"Snake Plant","floor":22,"turns":5},{"damage":7,"enemies":"3 Cultists","floor":24,"turns":7},{"damage":18,"enemies":"Cultist and Chosen","floor":28,"turns":7},{"damage":19,"enemies":"Chosen and Byrds","floor":29,"turns":5},{"damage":8,"enemies":"Slavers","floor":30,"turns":4},{"damage":18,"enemies":"Sentry and Sphere","floor":31,"turns":3}],"seed_played":"7717251752280270733","potions_obtained":[{"floor":2,"key":"PowerPotion"},{"floor":5,"key":"ColorlessPotion"},{"floor":7,"key":"SpeedPotion"},{"floor":18,"key":"SkillPotion"},{"floor":19,"key":"Dexterity Potion"},{"floor":28,"key":"Explosive Potion"}],"is_trial":false,"path_per_floor":["M","M","M","M","M","R","M","$","T","?","?","M","M","?","R","B",null,"M","M","$","?","M","R","M","R","T","R","M","M","E","M"],"character_chosen":"THE_SILENT","items_purchased":["Infinite Blades"],"campfire_rested":2,"item_purchase_floors":[8],"current_hp_per_floor":[70,70,70,69,34,34,24,24,24,13,13,10,10,10,33,30,65,49,49,49,49,37,37,30,30,30,53,35,16,8,0],"gold":0,"neow_bonus":"TEN_PERCENT_HP_BONUS","is_prod":false,"is_daily":false,"chose_seed":false,"campfire_upgraded":3,"win_rate":0,"timestamp":1693362791,"path_taken":["M","M","M","M","M","R","M","$","T","?","?","M","?","?","R","BOSS","M","M","$","?","M","R","M","R","T","R","M","M","E","M"],"build_version":"2022-12-18","purchased_purges":2,"victory":false,"max_hp_per_floor":[77,77,77,77,77,77,77,77,77,77,77,77,77,77,77,77,77,77,77,77,77,77,77,77,77,77,77,77,77,77,77],"card_choices":[{"not_picked":["Slice","Cloak And Dagger"],"picked":"Deadly Poison","floor":1},{"not_picked":["Acrobatics","Grand Finale","Dagger Throw"],"picked":"SKIP","floor":2},{"not_picked":["Reflex","Backstab"],"picked":"Accuracy","floor":3},{"not_picked":["Slice","Outmaneuver","All Out Attack"],"picked":"SKIP","floor":4},{"not_picked":["Endless Agony","Dodge and Roll"],"picked":"Escape Plan","floor":5},{"not_picked":["Setup","Expertise"],"picked":"Deflect","floor":7},{"not_picked":["Dodge and Roll","Backflip"],"picked":"Calculated Gamble","floor":12},{"not_picked":["Accuracy","Setup"],"picked":"Cloak And Dagger","floor":13},{"not_picked":["Flechettes","Acrobatics"],"picked":"Terror","floor":18},{"not_picked":["Outmaneuver+1","Predator","Catalyst"],"picked":"SKIP","floor":19},{"not_picked":["Distraction","Dagger Throw+1"],"picked":"Prepared","floor":22},{"not_picked":["All Out Attack","Sucker Punch"],"picked":"Finisher+1","floor":24},{"not_picked":["Dagger Throw","Grand Finale","Deadly Poison"],"picked":"SKIP","floor":28},{"not_picked":["Calculated Gamble","Deflect"],"picked":"Backflip","floor":29},{"not_picked":["Deadly Poison","Riddle With Holes"],"picked":"PiercingWail","floor":30}],"player_experience":423415,"relics_obtained":[{"floor":9,"key":"Ninja Scroll"},{"floor":26,"key":"MealTicket"},{"floor":30,"key":"Bottled Flame"}],"event_choices":[{"damage_healed":0,"gold_gain":75,"player_choice":"Gather Gold","damage_taken":11,"max_hp_gain":0,"max_hp_loss":0,"event_name":"World of Goop","floor":10,"gold_loss":0},{"damage_healed":0,"gold_gain":0,"cards_transformed":["Strike_G"],"player_choice":"Transformed","damage_taken":0,"max_hp_gain":0,"max_hp_loss":0,"event_name":"Transmorgrifier","floor":11,"gold_loss":0,"cards_obtained":["PiercingWail"]},{"damage_healed":0,"gold_gain":0,"player_choice":"Fled","damage_taken":0,"max_hp_gain":0,"max_hp_loss":0,"event_name":"Scrap Ooze","floor":14,"gold_loss":0},{"damage_healed":0,"gold_gain":0,"player_choice":"Paid Fearfully","damage_taken":0,"max_hp_gain":0,"max_hp_loss":0,"event_name":"Masked Bandits","floor":21,"gold_loss":76}],"is_beta":false,"boss_relics":[{"not_picked":["Fusion Hammer","SlaversCollar"],"picked":"Ectoplasm"}],"items_purged_floors":[8,20],"is_endless":false,"potions_floor_spawned":[2,5,7,12,18,19,28,29],"killed_by":"Sentry and Sphere","ascension_level":13}