{"gold_per_floor":[151,165,39,39,91,91,151,192,192,235,15,56,56,98,98,197,197,262,278,66,86,7,7,63,63,63,63,63,63,105,195,195,269,269,305,19,80,80,80,80,93,59,110,148,183,183,202,0,0,0],"floor_reached":51,"playtime":2410,"items_purged":["Strike_G","Strike_G","Strike_G"],"score":1179,"play_id":"4bc38503-61eb-4ff9-adf8-7a396c5bee37","local_time":"20230830202107","is_ascension_mode":true,"campfire_choices":[{"data":"HandOfGreed","floor":6,"key":"SMITH"},{"data":"Neutralize","floor":13,"key":"SMITH"},{"data":"Noxious Fumes","floor":15,"key":"SMITH"},{"data":"Noxious Fumes","floor":23,"key":"SMITH"},{"data":"Footwork","floor":25,"key":"SMITH"},{"data":"Sucker Punch","floor":28,"key":"SMITH"},{"data":"PiercingWail","floor":32,"key":"SMITH"},{"data":"Doppelganger","floor":40,"key":"SMITH"},{"data":"Footwork","floor":46,"key":"SMITH"},{"data":"Survivor","floor":49,"key":"SMITH"}],"neow_cost":"TEN_PERCENT_HP_LOSS","seed_source_timestamp":1880928576573700,"circlet_count":0,"master_deck":["AscendersBane","Defend_G","Defend_G","Defend_G","Defend_G","Defend_G","Survivor+1","Neutralize+1","HandOfGreed+1","Sucker Punch+1","PiercingWail+1","Doppelganger+1","Die Die Die","Noxious Fumes+1","Prepared+1","Adrenaline+1","Footwork+1","Reflex+1","Noxious Fumes+1","Escape Plan+1","Bouncing Flask+1","Tactician+1","Concentrate+1","Burst+1","Deadly Poison+1","Apotheosis+1","Backflip+1","Footwork+1","Calculated Gamble+1","Prepared+1"],"relics":["Ring of the Snake","Blue Candle","Toxic Egg 2","Membership Card","Philosopher\u0027s Stone","Lee\u0027s Waffle","Regal Pillow","Pen Nib","Eternal Feather","Letter Opener","SacredBark","OrangePellets","Orichalcum","Red Mask"],"potions_floor_usage":[7,18,33,35,36,50,50],"damage_taken":[{"damage":1,"enemies":"Small Slimes","floor":1,"turns":5},{"damage":0,"enemies":"Cultist","floor":2,"turns":4},{"damage":0,"enemies":"2 Louse","floor":5,"turns":4},{"damage":23,"enemies":"Gremlin Nob","floor":7,"turns":6},{"damage":0,"enemies":"Blue Slaver","floor":8,"turns":2},{"damage":0,"enemies":"2 Fungi Beasts","floor":10,"turns":3},{"damage":0,"enemies":"Lots of Slimes","floor":12,"turns":1},{"damage":5,"enemies":"Blue Slaver","floor":14,"turns":5},{"damage":28,"enemies":"Hexaghost","floor":16,"turns":12},{"damage":1,"enemies":"3 Byrds","floor":18,"turns":5},{"damage":15,"enemies":"Chosen","floor":19,"turns":5},{"damage":15,"enemies":"Snake Plant","floor":21,"turns":7},{"damage":9,"enemies":"Gremlin Leader","floor":24,"turns":8},{"damage":0,"enemies":"Sentry and Sphere","floor":30,"turns":4},{"damage":36,"enemies":"Collector","floor":33,"turns":9},{"damage":3,"enemies":"3 Darklings","floor":35,"turns":4},{"damage":15,"enemies":"3 Shapes","floor":37,"turns":9},{"damage":0,"enemies":"Maw","floor":41,"turns":6},{"damage":9,"enemies":"Jaw Worm Horde","floor":44,"turns":6},{"damage":0,"enemies":"Spire Growth","floor":45,"turns":5},{"damage":0,"enemies":"Writhing Mass","floor":47,"turns":6},{"damage":0,"enemies":"Donu and Deca","floor":50,"turns":9}],"seed_played":"-5839299418289396321","potions_obtained":[{"floor":1,"key":"SpeedPotion"},{"floor":8,"key":"CunningPotion"},{"floor":12,"key":"Dexterity Potion"},{"floor":18,"key":"Strength Potion"},{"floor":33,"key":"AttackPotion"}],"is_trial":false,"path_per_floor":["M","M","$","?","M","R","E","M","T","M","$","M","R","M","R","B",null,"M","M","$","M","$","R","E","R","T","?","R","T","M","?","R","B",null,"M","$","M","?","?","R","M","$","T","M","M","R","M","?","R","B",null],"character_chosen":"THE_SILENT","items_purchased":["Explosive Potion","Membership Card","Prepared+1","Lee\u0027s Waffle","Regal Pillow","Noxious Fumes","Escape Plan+1","Fruit Juice","Deadly Poison+1","Apotheosis+1","EssenceOfSteel","OrangePellets","Footwork"],"campfire_rested":0,"item_purchase_floors":[3,11,11,20,20,22,22,36,36,36,36,36,42],"current_hp_per_floor":[62,62,62,62,62,62,39,39,39,39,39,39,39,34,34,6,49,48,33,70,55,55,55,46,46,46,46,58,58,58,46,58,22,58,55,65,50,50,50,65,65,65,65,56,56,74,74,74,80,80],"gold":0,"neow_bonus":"RANDOM_COLORLESS_2","is_prod":false,"is_daily":false,"chose_seed":false,"campfire_upgraded":10,"win_rate":0,"timestamp":1693452067,"path_taken":["M","M","$","?","?","R","E","M","T","M","$","M","R","?","R","BOSS","M","M","?","M","$","R","E","R","T","?","R","?","M","?","R","BOSS","M","?","M","?","?","R","M","$","T","M","M","R","M","?","R","BOSS"],"build_version":"2022-12-18","purchased_purges":3,"victory":true,"max_hp_per_floor":[63,63,63,63,63,63,63,63,63,63,63,63,63,63,63,63,63,63,63,70,70,70,70,70,70,70,70,70,70,70,70,70,70,70,70,80,80,80,80,80,80,80,80,80,80,80,80,80,80,80],"card_choices":[{"not_picked":["Chrysalis","Secret Technique"],"picked":"HandOfGreed","floor":0},{"not_picked":["Dodge and Roll","Quick Slash"],"picked":"Sucker Punch","floor":1},{"not_picked":["Acrobatics","Backflip"],"picked":"PiercingWail","floor":2},{"not_picked":["Concentrate","Well Laid Plans","Backstab"],"picked":"SKIP","floor":5},{"not_picked":["Outmaneuver","Setup"],"picked":"Die Die Die","floor":7},{"not_picked":["Bouncing Flask","Outmaneuver"],"picked":"Noxious Fumes","floor":8},{"not_picked":["Flying Knee","Setup+1","Blade Dance+1"],"picked":"SKIP","floor":10},{"not_picked":["Backstab","Flying Knee"],"picked":"Accuracy","floor":12},{"not_picked":["Heel Hook","Underhanded Strike","Dagger Throw"],"picked":"SKIP","floor":14},{"not_picked":["Wraith Form v2","Phantasmal Killer+1"],"picked":"Adrenaline+1","floor":16},{"not_picked":["Dagger Spray","Dagger Throw","Bane"],"picked":"SKIP","floor":18},{"not_picked":["Deflect+1","Masterful Stab"],"picked":"Footwork","floor":19},{"not_picked":["All Out Attack","Quick Slash"],"picked":"Reflex+1","floor":21},{"not_picked":["Quick Slash","Tactician+1"],"picked":"Bouncing Flask+1","floor":24},{"not_picked":["Cloak And Dagger+1","All Out Attack","Skewer"],"picked":"SKIP","floor":30},{"not_picked":["Doppelganger+1","Unload"],"picked":"Burst+1","floor":33},{"not_picked":["Skewer","Expertise+1","Slice"],"picked":"SKIP","floor":35},{"not_picked":["Acrobatics+1","Blade Dance+1","Quick Slash"],"picked":"SKIP","floor":37},{"not_picked":["Sucker Punch","Setup+1"],"picked":"Backflip+1","floor":41},{"not_picked":["Dodge and Roll+1","Backstab+1"],"picked":"Calculated Gamble+1","floor":44},{"not_picked":["Flechettes","Flying Knee"],"picked":"Prepared+1","floor":45},{"not_picked":["Underhanded Strike","Predator","Masterful Stab+1"],"picked":"SKIP","floor":47}],"player_experience":427573,"relics_obtained":[{"floor":7,"key":"Blue Candle"},{"floor":9,"key":"Toxic Egg 2"},{"floor":24,"key":"Pen Nib"},{"floor":26,"key":"Eternal Feather"},{"floor":29,"key":"Letter Opener"},{"floor":43,"key":"Orichalcum"}],"event_choices":[{"damage_healed":0,"gold_gain":0,"cards_transformed":["Strike_G"],"player_choice":"Transformed","damage_taken":0,"max_hp_gain":0,"max_hp_loss":0,"event_name":"Transmorgrifier","floor":4,"gold_loss":0,"cards_obtained":["Doppelganger"]},{"damage_healed":0,"gold_gain":0,"cards_transformed":["Accuracy","Strike_G"],"player_choice":"Became Test Subject","damage_taken":0,"max_hp_gain":0,"max_hp_loss":0,"event_name":"Drug Dealer","floor":27,"gold_loss":0,"cards_obtained":["Tactician","Concentrate"]},{"damage_healed":0,"gold_gain":90,"player_choice":"GOLD ","damage_taken":12,"max_hp_gain":0,"max_hp_loss":0,"event_name":"Knowing Skull","floor":31,"potions_obtained":[],"gold_loss":0,"cards_obtained":[]},{"damage_healed":0,"gold_gain":0,"player_choice":"Memory 1","damage_taken":0,"max_hp_gain":0,"max_hp_loss":0,"event_name":"SensoryStone","floor":38,"gold_loss":0},{"damage_healed":0,"gold_gain":0,"player_choice":"Ignored","damage_taken":0,"max_hp_gain":0,"max_hp_loss":0,"event_name":"Mysterious Sphere","floor":39,"gold_loss":0},{"damage_healed":0,"gold_gain":0,"player_choice":"Paid","damage_taken":0,"relics_obtained":["Red Mask"],"max_hp_gain":0,"max_hp_loss":0,"event_name":"Tomb of Lord Red Mask","floor":48,"gold_loss":202}],"is_beta":false,"boss_relics":[{"not_picked":["Busted Crown","WristBlade"],"picked":"Philosopher\u0027s Stone"},{"not_picked":["Calling Bell","Cursed Key"],"picked":"SacredBark"}],"items_purged_floors":[3,11,20],"is_endless":false,"potions_floor_spawned":[1,8,12,14,16,18,30,33,41,47],"ascension_level":13}