{"gold_per_floor":[118,128,128,303,313,313,329,101,101,176,176,234,78,90,90,190,190,190,190,190,190,190,190,190,190,190,23,23,23,23,23,23,23,23,23,23,23,0,0,0,0,0,0,0,0,0,0,0,0,0],"floor_reached":51,"playtime":2481,"items_purged":["Doubt","Strike_G"],"score":1157,"play_id":"b8c893b7-ed05-47a6-a108-642988d3b2f4","local_time":"20230827223141","is_ascension_mode":true,"campfire_choices":[{"data":"Neutralize","floor":6,"key":"SMITH"},{"data":"Venomology","floor":11,"key":"SMITH"},{"data":"Dagger Spray","floor":15,"key":"SMITH"},{"floor":23,"key":"REST"},{"data":"J.A.X.","floor":29,"key":"SMITH"},{"floor":32,"key":"REST"},{"data":"Blade Dance","floor":40,"key":"SMITH"},{"floor":42,"key":"REST"},{"floor":49,"key":"REST"}],"neow_cost":"NONE","seed_source_timestamp":1629463314949900,"circlet_count":0,"master_deck":["AscendersBane","Strike_G+1","Strike_G+1","Strike_G+1","Defend_G+1","Defend_G+1","Defend_G+1","Defend_G+1","Defend_G+1","Survivor+1","Neutralize+1","Blind","Poisoned Stab","Dagger Spray+1","Poisoned Stab","Venomology+1","Backflip+1","After Image+1","Accuracy+1","Blade Dance+1","PiercingWail","J.A.X.+1","Deflect+1","Infinite Blades+1","Tools of the Trade+1","Prepared","Finisher","Cloak And Dagger+1","Accuracy+1","Blade Dance","Blade Dance+1"],"relics":["Ring of the Serpent","Meat on the Bone","Frozen Egg 2","Oddly Smooth Stone","Ectoplasm","Boot","PreservedInsect","Calipers","Red Mask","War Paint","Bronze Scales","Art of War"],"potions_floor_usage":[12,12,12,14,16,16,19,20,20,24,24,24,33,33,33,35,36,37,41,41,44,44,46,50,50,50],"damage_taken":[{"damage":0,"enemies":"Small Slimes","floor":1,"turns":6},{"damage":0,"enemies":"Jaw Worm","floor":2,"turns":5},{"damage":0,"enemies":"2 Louse","floor":5,"turns":2},{"damage":17,"enemies":"Large Slime","floor":7,"turns":9},{"damage":23,"enemies":"3 Sentries","floor":12,"turns":9},{"damage":0,"enemies":"Looter","floor":14,"turns":3},{"damage":21,"enemies":"Slime Boss","floor":16,"turns":13},{"damage":10,"enemies":"Spheric Guardian","floor":18,"turns":5},{"damage":0,"enemies":"2 Thieves","floor":19,"turns":1},{"damage":6,"enemies":"3 Cultists","floor":20,"turns":7},{"damage":21,"enemies":"Snake Plant","floor":21,"turns":5},{"damage":20,"enemies":"Slavers","floor":24,"turns":6},{"damage":13,"enemies":"Centurion and Healer","floor":25,"turns":8},{"damage":12,"enemies":"Shelled Parasite and Fungi","floor":31,"turns":5},{"damage":33,"enemies":"Automaton","floor":33,"turns":10},{"damage":3,"enemies":"3 Shapes","floor":35,"turns":5},{"damage":3,"enemies":"Orb Walker","floor":36,"turns":4},{"damage":3,"enemies":"Mind Bloom Boss Battle","floor":37,"turns":6},{"damage":29,"enemies":"Nemesis","floor":41,"turns":5},{"damage":3,"enemies":"Giant Head","floor":44,"turns":6},{"damage":11,"enemies":"Spire Growth","floor":46,"turns":5},{"damage":8,"enemies":"Maw","floor":47,"turns":6},{"damage":3,"enemies":"4 Shapes","floor":48,"turns":6},{"damage":14,"enemies":"Time Eater","floor":50,"turns":6}],"seed_played":"5219860192984619410","potions_obtained":[{"floor":2,"key":"SkillPotion"},{"floor":7,"key":"Dexterity Potion"},{"floor":12,"key":"ColorlessPotion"},{"floor":18,"key":"SmokeBomb"},{"floor":21,"key":"Energy Potion"},{"floor":33,"key":"Ancient Potion"},{"floor":36,"key":"SteroidPotion"},{"floor":41,"key":"Ancient Potion"},{"floor":44,"key":"PowerPotion"}],"is_trial":false,"path_per_floor":["M","M","?","?","M","R","M","$","T","?","R","?","$","M","R","B",null,"M","M","M","M","?","R","E","M","T","$","?","R","?","M","R","B",null,"M","M","?","?","?","R","E","R","T","E","?","M","M","M","R","B",null],"character_chosen":"THE_SILENT","items_purchased":["Venomology","Oddly Smooth Stone","Infinite Blades+1"],"campfire_rested":4,"item_purchase_floors":[8,13,27],"current_hp_per_floor":[63,63,56,56,56,56,39,39,39,28,28,17,17,29,29,20,58,48,48,42,33,33,54,46,45,45,45,45,45,45,45,66,45,64,61,58,55,55,55,55,38,57,57,54,54,43,35,44,63,49],"gold":0,"neow_bonus":"RANDOM_COLORLESS","is_prod":false,"is_daily":false,"chose_seed":false,"campfire_upgraded":5,"win_rate":0,"timestamp":1693200701,"path_taken":["M","M","?","?","M","R","M","$","T","?","R","?","?","M","R","BOSS","M","M","M","M","?","R","E","M","T","$","?","R","?","M","R","BOSS","M","M","?","?","?","R","E","R","T","E","?","?","M","M","R","BOSS"],"build_version":"2022-12-18","purchased_purges":2,"victory":true,"max_hp_per_floor":[70,70,70,70,70,70,70,70,70,70,70,70,70,70,70,70,70,70,70,70,70,70,70,70,70,70,70,70,70,70,70,70,70,70,70,70,70,70,66,66,66,66,66,66,66,66,66,66,66,66],"card_choices":[{"not_picked":["Madness","Impatience"],"picked":"Blind","floor":0},{"not_picked":["Dagger Throw","Leg Sweep"],"picked":"Poisoned Stab","floor":1},{"not_picked":["Blur","Finisher"],"picked":"Dagger Spray","floor":2},{"not_picked":["Dash","Quick Slash","Sucker Punch"],"picked":"SKIP","floor":5},{"not_picked":["Envenom","Dagger Throw"],"picked":"Poisoned Stab","floor":7},{"not_picked":["Sucker Punch","Slice"],"picked":"Backflip","floor":12},{"not_picked":["Cloak And Dagger","Bane","Flying Knee"],"picked":"SKIP","floor":14},{"not_picked":["Venomology","Wraith Form v2+1"],"picked":"After Image+1","floor":16},{"not_picked":["Sucker Punch","Poisoned Stab"],"picked":"Accuracy+1","floor":18},{"not_picked":["Skewer+1","Poisoned Stab+1"],"picked":"Blade Dance","floor":20},{"not_picked":["Tactician","Eviscerate"],"picked":"PiercingWail","floor":21},{"not_picked":["Endless Agony","Well Laid Plans+1","Skewer"],"picked":"SKIP","floor":24},{"not_picked":["Deadly Poison","Bane"],"picked":"Deflect+1","floor":25},{"not_picked":["Tactician","Calculated Gamble","Quick Slash"],"picked":"SKIP","floor":31},{"not_picked":["Unload","Bullet Time"],"picked":"Tools of the Trade+1","floor":33},{"not_picked":["Endless Agony","Crippling Poison"],"picked":"Prepared","floor":35},{"not_picked":["Reflex","Deflect"],"picked":"Finisher","floor":36},{"not_picked":["Deflect","Backflip"],"picked":"Cloak And Dagger+1","floor":41},{"not_picked":["Caltrops+1","Riddle With Holes","Concentrate"],"picked":"SKIP","floor":44},{"not_picked":["Underhanded Strike","Finisher"],"picked":"Accuracy+1","floor":46},{"not_picked":["Sucker Punch","Acrobatics"],"picked":"Blade Dance","floor":47},{"not_picked":["Underhanded Strike","Eviscerate"],"picked":"Blade Dance+1","floor":48}],"player_experience":404223,"relics_obtained":[{"floor":9,"key":"Meat on the Bone"},{"floor":12,"key":"Frozen Egg 2"},{"floor":24,"key":"Boot"},{"floor":26,"key":"PreservedInsect"},{"floor":37,"key":"Calipers"},{"floor":41,"key":"War Paint"},{"floor":43,"key":"Bronze Scales"},{"floor":44,"key":"Art of War"}],"event_choices":[{"cards_removed":["Strike_G"],"damage_healed":0,"gold_gain":0,"player_choice":"Card Removal","damage_taken":7,"max_hp_gain":0,"max_hp_loss":0,"event_name":"Golden Wing","floor":3,"gold_loss":0},{"damage_healed":0,"gold_gain":175,"player_choice":"AGREE","damage_taken":0,"max_hp_gain":0,"max_hp_loss":0,"event_name":"Liars Game","floor":4,"gold_loss":0,"cards_obtained":["Doubt"]},{"damage_healed":0,"gold_gain":75,"player_choice":"Gather Gold","damage_taken":11,"max_hp_gain":0,"max_hp_loss":0,"event_name":"World of Goop","floor":10,"gold_loss":0},{"damage_healed":0,"gold_gain":0,"player_choice":"Searched \u00271\u0027 times","damage_taken":0,"max_hp_gain":0,"max_hp_loss":0,"event_name":"Dead Adventurer","floor":12,"gold_loss":0},{"damage_healed":0,"gold_gain":0,"player_choice":"Obtain J.A.X.","damage_taken":0,"max_hp_gain":0,"max_hp_loss":0,"event_name":"Drug Dealer","floor":22,"gold_loss":0,"cards_obtained":["J.A.X."]},{"damage_healed":0,"gold_gain":0,"player_choice":"Simplicity","damage_taken":0,"max_hp_gain":0,"max_hp_loss":0,"event_name":"Back to Basics","floor":28,"gold_loss":0,"cards_upgraded":["Strike_G","Strike_G","Strike_G","Defend_G","Defend_G","Defend_G","Defend_G","Defend_G"]},{"damage_healed":0,"gold_gain":0,"player_choice":"Ignored","damage_taken":0,"max_hp_gain":0,"max_hp_loss":0,"event_name":"Vampires","floor":30,"gold_loss":0},{"damage_healed":0,"gold_gain":0,"player_choice":"Fight","damage_taken":0,"max_hp_gain":0,"max_hp_loss":0,"event_name":"MindBloom","floor":37,"gold_loss":0},{"damage_healed":0,"gold_gain":0,"player_choice":"Paid","damage_taken":0,"relics_obtained":["Red Mask"],"max_hp_gain":0,"max_hp_loss":0,"event_name":"Tomb of Lord Red Mask","floor":38,"gold_loss":23},{"damage_healed":0,"gold_gain":0,"player_choice":"Max HP","damage_taken":0,"max_hp_gain":0,"max_hp_loss":4,"event_name":"Winding Halls","floor":39,"gold_loss":0},{"damage_healed":0,"gold_gain":0,"player_choice":"Ignored","damage_taken":0,"max_hp_gain":0,"max_hp_loss":0,"event_name":"SecretPortal","floor":45,"gold_loss":0}],"is_beta":false,"boss_relics":[{"not_picked":["Fusion Hammer","Pandora\u0027s Box"],"picked":"Ectoplasm"},{"not_picked":["Cursed Key","Sozu"],"picked":"Ring of the Serpent"}],"items_purged_floors":[8,27],"is_endless":false,"potions_floor_spawned":[2,7,12,18,19,21,33,36,41,44,46,47],"ascension_level":12}