{"gold_per_floor":[111,88,188,199,149,165,165,165,245,245,256,281,340,372,372,475,475,487,412,327,343,356,385,385,193,193,292,43,55,55,17,17,17],"floor_reached":33,"playtime":1099,"items_purged":["Strike_G","Strike_G"],"score":418,"play_id":"bb2f38e0-972b-46ae-b8da-2f010346c66e","local_time":"20230827182920","is_ascension_mode":true,"campfire_choices":[{"data":"Neutralize","floor":7,"key":"SMITH"},{"data":"Cloak And Dagger","floor":10,"key":"SMITH"},{"floor":15,"key":"REST"},{"data":"Leg Sweep","floor":24,"key":"SMITH"},{"data":"Bandage Up","floor":30,"key":"SMITH"},{"data":"Footwork","floor":32,"key":"SMITH"}],"neow_cost":"NONE","seed_source_timestamp":1616325453634000,"circlet_count":0,"master_deck":["AscendersBane","Strike_G+1","Defend_G","Defend_G","Defend_G","Defend_G","Defend_G+1","Survivor","Neutralize+1","Backstab","Poisoned Stab","Cloak And Dagger+1","Terror","Deflect","Accuracy","Adrenaline","Distraction","Finisher+1","Leg Sweep+1","Accuracy","PiercingWail","Bandage Up+1","Footwork+1"],"relics":["Ring of the Snake","Potion Belt","Shuriken","Toy Ornithopter","InkBottle","Art of War","Busted Crown","Akabeko","Juzu Bracelet","Peace Pipe","Membership Card"],"potions_floor_usage":[13,23,29,33],"damage_taken":[{"damage":9,"enemies":"Small Slimes","floor":1,"turns":6},{"damage":0,"enemies":"Cultist","floor":4,"turns":3},{"damage":0,"enemies":"2 Louse","floor":6,"turns":3},{"damage":0,"enemies":"2 Fungi Beasts","floor":11,"turns":2},{"damage":0,"enemies":"Gremlin Nob","floor":13,"turns":3},{"damage":16,"enemies":"Lagavulin","floor":14,"turns":6},{"damage":7,"enemies":"Hexaghost","floor":16,"turns":9},{"damage":8,"enemies":"Shell Parasite","floor":18,"turns":4},{"damage":10,"enemies":"Spheric Guardian","floor":21,"turns":4},{"damage":6,"enemies":"Centurion and Healer","floor":22,"turns":6},{"damage":8,"enemies":"Book of Stabbing","floor":23,"turns":3},{"damage":3,"enemies":"Chosen and Byrds","floor":29,"turns":6},{"damage":54,"enemies":"Automaton","floor":33,"turns":14}],"seed_played":"8386770152357900828","potions_obtained":[{"floor":1,"key":"Strength Potion"},{"floor":11,"key":"AttackPotion"},{"floor":16,"key":"GhostInAJar"},{"floor":18,"key":"GamblersBrew"},{"floor":29,"key":"EssenceOfSteel"}],"is_trial":false,"path_per_floor":["M","$","?","M","?","M","R","?","T","R","M","T","?","E","R","B",null,"M","?","?","M","M","E","R","$","T","?","$","M","R","$","R","B"],"character_chosen":"THE_SILENT","items_purchased":["Poisoned Stab","Accuracy","PiercingWail","Membership Card","Bandage Up","Footwork"],"campfire_rested":1,"item_purchase_floors":[2,25,25,28,28,31],"current_hp_per_floor":[54,54,54,54,54,54,54,40,40,40,40,40,45,29,50,43,63,55,55,55,45,39,36,36,36,36,36,36,42,42,42,42,0],"gold":17,"neow_bonus":"RANDOM_COMMON_RELIC","is_prod":false,"is_daily":false,"chose_seed":false,"campfire_upgraded":5,"win_rate":0,"timestamp":1693186160,"path_taken":["M","$","?","?","?","M","R","?","T","R","M","?","?","E","R","BOSS","M","?","?","M","M","E","R","$","T","?","$","M","R","?","R","BOSS"],"build_version":"2022-12-18","purchased_purges":2,"victory":false,"max_hp_per_floor":[70,70,70,70,70,70,70,70,70,70,70,70,70,70,70,70,70,70,70,70,70,70,70,70,70,70,70,70,70,70,70,70,70],"card_choices":[{"not_picked":["Outmaneuver","Dagger Spray"],"picked":"Backstab","floor":1},{"not_picked":["Quick Slash","Slice","Predator"],"picked":"SKIP","floor":4},{"not_picked":["PiercingWail","Flying Knee"],"picked":"Cloak And Dagger","floor":6},{"not_picked":["Noxious Fumes","Backstab"],"picked":"Terror","floor":11},{"not_picked":["Acrobatics","Quick Slash"],"picked":"Deflect","floor":13},{"not_picked":["A Thousand Cuts","Predator"],"picked":"Accuracy","floor":14},{"not_picked":["Grand Finale","A Thousand Cuts"],"picked":"Adrenaline","floor":16},{"not_picked":[],"picked":"Distraction","floor":18},{"not_picked":[],"picked":"Finisher+1","floor":21},{"not_picked":["Dagger Throw"],"picked":"SKIP","floor":22},{"not_picked":[],"picked":"Leg Sweep","floor":23},{"not_picked":["Dash"],"picked":"SKIP","floor":29}],"player_experience":400722,"relics_obtained":[{"floor":9,"key":"Shuriken"},{"floor":12,"key":"Toy Ornithopter"},{"floor":13,"key":"InkBottle"},{"floor":14,"key":"Art of War"},{"floor":23,"key":"Juzu Bracelet"},{"floor":26,"key":"Peace Pipe"}],"event_choices":[{"damage_healed":0,"gold_gain":100,"player_choice":"Pray","damage_taken":0,"max_hp_gain":0,"max_hp_loss":0,"event_name":"Golden Shrine","floor":3,"gold_loss":0},{"cards_removed":["Strike_G"],"damage_healed":0,"gold_gain":0,"player_choice":"Card Removal","damage_taken":0,"max_hp_gain":0,"max_hp_loss":0,"event_name":"The Cleric","floor":5,"gold_loss":50},{"damage_healed":0,"gold_gain":0,"player_choice":"Entered Light","damage_taken":14,"max_hp_gain":0,"max_hp_loss":0,"event_name":"Shining Light","floor":8,"gold_loss":0,"cards_upgraded":["Strike_G","Defend_G"]},{"damage_healed":0,"gold_gain":0,"player_choice":"Searched \u00271\u0027 times","damage_taken":0,"max_hp_gain":0,"max_hp_loss":0,"event_name":"Dead Adventurer","floor":13,"gold_loss":0},{"cards_removed":["Strike_G"],"damage_healed":0,"gold_gain":0,"player_choice":"Gave Gold","damage_taken":0,"max_hp_gain":0,"max_hp_loss":0,"event_name":"Beggar","floor":19,"gold_loss":75},{"damage_healed":0,"gold_gain":0,"player_choice":"Obtained Relic","damage_taken":0,"relics_obtained":["Akabeko"],"max_hp_gain":0,"max_hp_loss":0,"event_name":"Addict","floor":20,"gold_loss":85},{"damage_healed":0,"gold_gain":99,"player_choice":"Stole From Cult","damage_taken":0,"max_hp_gain":0,"max_hp_loss":0,"event_name":"Nest","floor":27,"gold_loss":0}],"is_beta":false,"boss_relics":[{"not_picked":["Pandora\u0027s Box","Astrolabe"],"picked":"Busted Crown"}],"items_purged_floors":[25,28],"is_endless":false,"potions_floor_spawned":[1,11,16,18,29],"killed_by":"Automaton","ascension_level":12}