{"gold_per_floor":[111,111,126,141,141,141,176,176,176,33,46,79,79,109,109,214,214,214,214,214,164,164,164,164,164,164,164,164,164,164,164,164,164,164,164,114,114,64,64,64,64,64,64,64,64,64,64,64,64,64],"floor_reached":51,"playtime":2546,"items_purged":["Strike_G","Strike_G","Strike_G+1","Strike_G+1"],"score":1090,"play_id":"1c29618f-aacb-4e64-8fe4-06a9b7ed89a5","local_time":"20230826155103","is_ascension_mode":true,"campfire_choices":[{"data":"Backflip","floor":6,"key":"SMITH"},{"floor":8,"key":"DIG"},{"floor":13,"key":"REST"},{"data":"Noxious Fumes","floor":15,"key":"SMITH"},{"floor":23,"key":"REST"},{"floor":27,"key":"REST"},{"floor":32,"key":"REST"},{"floor":40,"key":"REST"},{"data":"Footwork","floor":44,"key":"SMITH"},{"floor":46,"key":"DIG"},{"data":"Malaise","floor":49,"key":"SMITH"}],"neow_cost":"NONE","seed_source_timestamp":1518965704329900,"circlet_count":0,"master_deck":["AscendersBane","Strike_G+1","Defend_G+1","Defend_G+1","Defend_G+1","Defend_G+1","Defend_G+1","Survivor","Neutralize+1","Crippling Poison","Trip","Poisoned Stab+1","Backflip+1","Blade Dance","Footwork+1","Noxious Fumes+1","Malaise+1","Escape Plan","Deadly Poison","Deadly Poison","Adrenaline","Deadly Poison+1","Footwork+1"],"relics":["Ring of the Snake","Shovel","Boot","Paper Crane","PreservedInsect","Smiling Mask","Ectoplasm","Omamori","Centennial Puzzle","Cursed Key","Thread and Needle","Eternal Feather","MawBank","Toy Ornithopter"],"potions_floor_usage":[7,7,16,24,33,37,50,50],"damage_taken":[{"damage":0,"enemies":"Cultist","floor":1,"turns":4},{"damage":1,"enemies":"2 Louse","floor":3,"turns":3},{"damage":7,"enemies":"Jaw Worm","floor":4,"turns":5},{"damage":13,"enemies":"Gremlin Nob","floor":7,"turns":4},{"damage":0,"enemies":"3 Louse","floor":11,"turns":4},{"damage":18,"enemies":"Lagavulin","floor":12,"turns":5},{"damage":15,"enemies":"3 Sentries","floor":14,"turns":7},{"damage":24,"enemies":"Slime Boss","floor":16,"turns":11},{"damage":4,"enemies":"Spheric Guardian","floor":18,"turns":6},{"damage":2,"enemies":"Chosen","floor":19,"turns":5},{"damage":14,"enemies":"Shelled Parasite and Fungi","floor":20,"turns":6},{"damage":5,"enemies":"Snake Plant","floor":22,"turns":5},{"damage":28,"enemies":"Slavers","floor":24,"turns":5},{"damage":12,"enemies":"Cultist and Chosen","floor":25,"turns":6},{"damage":11,"enemies":"Snecko","floor":28,"turns":6},{"damage":2,"enemies":"Shelled Parasite and Fungi","floor":29,"turns":6},{"damage":0,"enemies":"Centurion and Healer","floor":31,"turns":6},{"damage":35,"enemies":"Collector","floor":33,"turns":10},{"damage":10,"enemies":"3 Shapes","floor":35,"turns":5},{"damage":8,"enemies":"Mind Bloom Boss Battle","floor":37,"turns":10},{"damage":0,"enemies":"Orb Walker","floor":39,"turns":5},{"damage":4,"enemies":"Writhing Mass","floor":41,"turns":6},{"damage":6,"enemies":"Spire Growth","floor":42,"turns":6},{"damage":9,"enemies":"3 Darklings","floor":45,"turns":5},{"damage":11,"enemies":"Nemesis","floor":47,"turns":7},{"damage":0,"enemies":"Maw","floor":48,"turns":8},{"damage":39,"enemies":"Time Eater","floor":50,"turns":14}],"seed_played":"-4718003724840593710","potions_obtained":[{"floor":1,"key":"SteroidPotion"},{"floor":4,"key":"SteroidPotion"},{"floor":12,"key":"BlessingOfTheForge"},{"floor":20,"key":"GamblersBrew"},{"floor":25,"key":"FearPotion"},{"floor":29,"key":"Poison Potion"},{"floor":33,"key":"Swift Potion"},{"floor":39,"key":"SmokeBomb"},{"floor":45,"key":"GamblersBrew"},{"floor":47,"key":"BlessingOfTheForge"}],"is_trial":false,"path_per_floor":["M","?","M","M","?","R","E","R","T","$","M","E","R","E","R","B",null,"M","M","M","$","M","R","E","M","T","R","M","M","?","M","R","B",null,"M","$","?","$","M","R","M","M","T","R","M","R","E","M","R","B",null],"character_chosen":"THE_SILENT","items_purchased":["Footwork"],"campfire_rested":5,"item_purchase_floors":[10],"current_hp_per_floor":[63,63,62,55,55,55,42,42,42,42,42,24,45,30,30,6,54,50,48,34,34,29,50,22,10,10,31,20,18,18,18,39,4,54,44,44,36,36,36,57,53,47,47,59,50,62,51,51,63,34],"gold":64,"neow_bonus":"UPGRADE_CARD","is_prod":false,"is_daily":false,"chose_seed":false,"campfire_upgraded":4,"win_rate":0,"timestamp":1693090263,"path_taken":["M","?","M","?","?","R","E","R","T","?","?","E","R","E","R","BOSS","M","M","M","$","M","R","E","M","T","R","M","M","?","M","R","BOSS","M","$","?","$","M","R","M","M","T","R","M","R","E","M","R","BOSS"],"build_version":"2022-12-18","purchased_purges":4,"victory":true,"max_hp_per_floor":[70,70,70,70,70,70,70,70,70,70,70,70,70,70,70,70,70,70,70,70,70,70,70,70,70,70,70,70,70,70,70,70,70,70,70,70,70,70,70,70,70,70,70,70,70,70,70,70,70,70],"card_choices":[{"not_picked":["Choke","Predator"],"picked":"Crippling Poison","floor":1},{"not_picked":["Outmaneuver","Calculated Gamble"],"picked":"Poisoned Stab","floor":3},{"not_picked":["Bane","Acrobatics"],"picked":"Backflip","floor":4},{"not_picked":["Caltrops","Cloak And Dagger"],"picked":"Blade Dance","floor":7},{"not_picked":["Underhanded Strike","Quick Slash"],"picked":"Noxious Fumes","floor":11},{"not_picked":["PiercingWail","Poisoned Stab","Heel Hook"],"picked":"SKIP","floor":12},{"not_picked":["Expertise","Endless Agony","Underhanded Strike"],"picked":"SKIP","floor":14},{"not_picked":["Corpse Explosion","Grand Finale"],"picked":"Malaise","floor":16},{"not_picked":["Concentrate+1","Crippling Poison"],"picked":"Escape Plan","floor":18},{"not_picked":["Riddle With Holes+1","Deadly Poison","Flying Knee"],"picked":"SKIP","floor":19},{"not_picked":["Dodge and Roll","Flying Knee+1"],"picked":"Deadly Poison","floor":20},{"not_picked":["Acrobatics","Die Die Die","Distraction"],"picked":"SKIP","floor":22},{"not_picked":["Dagger Throw","Dodge and Roll","Riddle With Holes"],"picked":"SKIP","floor":24},{"not_picked":["Heel Hook","Bane+1","All Out Attack"],"picked":"SKIP","floor":25},{"not_picked":["Acrobatics","Setup"],"picked":"Deadly Poison","floor":28},{"not_picked":["Dash","Choke","Doppelganger"],"picked":"SKIP","floor":29},{"not_picked":["Cloak And Dagger","Quick Slash","Prepared"],"picked":"SKIP","floor":31},{"not_picked":["A Thousand Cuts","Die Die Die"],"picked":"Adrenaline","floor":33},{"not_picked":["Slice","Blade Dance+1","Dagger Throw+1"],"picked":"SKIP","floor":35},{"not_picked":["Crippling Poison+1","Leg Sweep+1"],"picked":"Deadly Poison+1","floor":37},{"not_picked":["Blade Dance","Doppelganger","Underhanded Strike+1"],"picked":"SKIP","floor":39},{"not_picked":["Dagger Spray+1","Bane+1","Crippling Poison"],"picked":"SKIP","floor":41},{"not_picked":["Dodge and Roll+1","Skewer"],"picked":"Footwork+1","floor":42},{"not_picked":["Acrobatics+1","A Thousand Cuts","Underhanded Strike+1"],"picked":"SKIP","floor":45},{"not_picked":["Finisher","Night Terror","All Out Attack"],"picked":"SKIP","floor":47},{"not_picked":["PiercingWail","Dodge and Roll","Prepared"],"picked":"SKIP","floor":48}],"player_experience":380685,"relics_obtained":[{"floor":7,"key":"Shovel"},{"floor":8,"key":"Boot"},{"floor":9,"key":"Paper Crane"},{"floor":12,"key":"PreservedInsect"},{"floor":14,"key":"Smiling Mask"},{"floor":24,"key":"Omamori"},{"floor":26,"key":"Centennial Puzzle"},{"floor":37,"key":"Thread and Needle"},{"floor":43,"key":"Eternal Feather"},{"floor":46,"key":"MawBank"},{"floor":47,"key":"Toy Ornithopter"}],"event_choices":[{"damage_healed":0,"gold_gain":0,"player_choice":"1 cards matched","damage_taken":0,"max_hp_gain":0,"max_hp_loss":0,"event_name":"Match and Keep!","floor":2,"gold_loss":0,"cards_obtained":["Trip"]},{"damage_healed":0,"gold_gain":0,"player_choice":"Forge","damage_taken":0,"max_hp_gain":0,"max_hp_loss":0,"event_name":"Accursed Blacksmith","floor":5,"gold_loss":0,"cards_upgraded":["Poisoned Stab"]},{"damage_healed":0,"gold_gain":0,"player_choice":"Simplicity","damage_taken":0,"max_hp_gain":0,"max_hp_loss":0,"event_name":"Back to Basics","floor":30,"gold_loss":0,"cards_upgraded":["Strike_G","Strike_G","Strike_G","Defend_G","Defend_G","Defend_G","Defend_G","Defend_G"]},{"damage_healed":0,"gold_gain":0,"player_choice":"Fight","damage_taken":0,"max_hp_gain":0,"max_hp_loss":0,"event_name":"MindBloom","floor":37,"gold_loss":0}],"is_beta":false,"boss_relics":[{"not_picked":["Pandora\u0027s Box","Tiny House"],"picked":"Ectoplasm"},{"not_picked":["Astrolabe","Fusion Hammer"],"picked":"Cursed Key"}],"items_purged_floors":[10,21,36,38],"is_endless":false,"potions_floor_spawned":[1,4,12,20,25,29,33,39,41,45,47],"ascension_level":11}