{"gold_per_floor":[115,115,127,139,64,64,81,36,36,36,36,111,111,124,124,196,196,206,206,222,236,252,252,286,301,356,356,369,468,468,20,20,97,97,114,114,128,128,128,128,128,147,172,172,184,59,59,79,79,79],"floor_reached":50,"playtime":2301,"items_purged":["Strike_G","Strike_G","Strike_G"],"score":828,"play_id":"baf2ce87-6af3-4686-85e6-c1a12e1a3237","local_time":"20230830193120","is_ascension_mode":true,"campfire_choices":[{"data":"Neutralize","floor":6,"key":"SMITH"},{"data":"Blade Dance","floor":11,"key":"SMITH"},{"data":"Distraction","floor":13,"key":"SMITH"},{"data":"Accuracy","floor":15,"key":"SMITH"},{"floor":23,"key":"REST"},{"data":"Prepared","floor":27,"key":"SMITH"},{"floor":32,"key":"REST"},{"data":"Cloak And Dagger","floor":40,"key":"SMITH"},{"data":"Blade Dance","floor":41,"key":"SMITH"},{"data":"Tools of the Trade","floor":44,"key":"SMITH"},{"floor":47,"key":"REST"},{"floor":49,"key":"REST"}],"neow_cost":"NONE","seed_source_timestamp":1878058432811400,"circlet_count":0,"master_deck":["AscendersBane","Strike_G","Defend_G","Defend_G","Defend_G","Defend_G","Defend_G","Survivor","Neutralize+1","Cloak And Dagger+1","PiercingWail","Distraction+1","PiercingWail","Blade Dance+1","Accuracy+1","After Image+1","Blur+1","Prepared+1","Blade Dance+1","Tools of the Trade+1","Malaise","Cloak And Dagger+1","Expertise+1"],"relics":["Ring of the Snake","Sundial","Busted Crown","Thread and Needle","Omamori","Pen Nib","ClockworkSouvenir","Calling Bell","Bronze Scales","Mercury Hourglass","WingedGreaves","MealTicket"],"potions_floor_usage":[16,21,24,50,50],"damage_taken":[{"damage":1,"enemies":"Small Slimes","floor":1,"turns":5},{"damage":0,"enemies":"Cultist","floor":3,"turns":3},{"damage":6,"enemies":"2 Louse","floor":4,"turns":4},{"damage":5,"enemies":"2 Fungi Beasts","floor":7,"turns":5},{"damage":0,"enemies":"Looter","floor":8,"turns":5},{"damage":3,"enemies":"Red Slaver","floor":14,"turns":3},{"damage":22,"enemies":"Hexaghost","floor":16,"turns":12},{"damage":2,"enemies":"Chosen","floor":18,"turns":6},{"damage":9,"enemies":"Spheric Guardian","floor":20,"turns":4},{"damage":13,"enemies":"Snecko","floor":21,"turns":6},{"damage":7,"enemies":"Snake Plant","floor":22,"turns":6},{"damage":13,"enemies":"Gremlin Leader","floor":24,"turns":10},{"damage":0,"enemies":"Centurion and Healer","floor":25,"turns":8},{"damage":0,"enemies":"3 Cultists","floor":28,"turns":8},{"damage":0,"enemies":"Champ","floor":33,"turns":13},{"damage":0,"enemies":"Orb Walker","floor":35,"turns":2},{"damage":20,"enemies":"3 Darklings","floor":37,"turns":5},{"damage":0,"enemies":"Spire Growth","floor":42,"turns":4},{"damage":18,"enemies":"Jaw Worm Horde","floor":45,"turns":6},{"damage":0,"enemies":"3 Darklings","floor":48,"turns":4},{"damage":72,"enemies":"Time Eater","floor":50,"turns":14}],"seed_played":"903423897505504125","potions_obtained":[{"floor":0,"key":"SkillPotion"},{"floor":0,"key":"GhostInAJar"},{"floor":3,"key":"Explosive Potion"},{"floor":16,"key":"Weak Potion"},{"floor":21,"key":"Swift Potion"},{"floor":24,"key":"Energy Potion"},{"floor":37,"key":"Dexterity Potion"},{"floor":45,"key":"ColorlessPotion"}],"is_trial":false,"path_per_floor":["M","?","M","M","$","R","M","M","T","?","R","?","R","M","R","B",null,"M","?","M","M","M","R","E","M","T","R","M","?","?","$","R","B",null,"M","?","M","?","$","R","R","M","T","R","M","$","R","M","R","B"],"character_chosen":"THE_SILENT","items_purchased":["Blade Dance","ClockworkSouvenir","Tools of the Trade"],"campfire_rested":4,"item_purchase_floors":[31,31,31],"current_hp_per_floor":[62,62,62,56,56,56,51,51,51,51,51,40,40,37,37,15,56,54,54,45,32,25,46,33,33,33,33,33,33,33,33,54,54,66,66,66,46,39,39,39,39,39,39,39,21,36,57,57,70,0],"gold":79,"neow_bonus":"THREE_SMALL_POTIONS","is_prod":false,"is_daily":false,"chose_seed":false,"campfire_upgraded":8,"win_rate":0,"timestamp":1693449080,"path_taken":["M","?","M","?","$","R","M","M","T","?","R","?","R","M","R","BOSS","M","?","?","M","M","R","E","M","T","R","M","?","?","$","R","BOSS","M","?","M","?","$","R","R","?","T","R","M","$","R","M","R","BOSS"],"build_version":"2022-12-18","purchased_purges":3,"victory":false,"max_hp_per_floor":[70,70,70,70,70,70,70,70,70,70,70,70,70,70,70,70,70,70,70,70,70,70,70,70,70,70,70,70,70,70,70,70,70,70,70,70,70,70,70,70,70,70,70,70,70,70,70,70,70,70],"card_choices":[{"not_picked":["Acrobatics","Backflip"],"picked":"Cloak And Dagger","floor":1},{"not_picked":["Blade Dance","Wraith Form v2"],"picked":"PiercingWail","floor":3},{"not_picked":["Acrobatics","Outmaneuver"],"picked":"Distraction","floor":4},{"not_picked":["Flying Knee","Backflip"],"picked":"PiercingWail","floor":7},{"not_picked":["Slice","Tactician"],"picked":"Blade Dance","floor":8},{"not_picked":["Blur","Tactician"],"picked":"Accuracy","floor":14},{"not_picked":["Doppelganger","Unload"],"picked":"After Image","floor":16},{"not_picked":["Reflex"],"picked":"SKIP","floor":18},{"not_picked":["Deadly Poison"],"picked":"SKIP","floor":20},{"not_picked":["PiercingWail"],"picked":"SKIP","floor":21},{"not_picked":["Outmaneuver"],"picked":"SKIP","floor":22},{"not_picked":[],"picked":"Blur+1","floor":24},{"not_picked":[],"picked":"Prepared","floor":25},{"not_picked":["Reflex"],"picked":"SKIP","floor":28},{"not_picked":[],"picked":"Malaise","floor":33},{"not_picked":[],"picked":"Cloak And Dagger","floor":35},{"not_picked":["Backflip"],"picked":"SKIP","floor":37},{"not_picked":[],"picked":"Expertise+1","floor":42},{"not_picked":["PiercingWail"],"picked":"SKIP","floor":45},{"not_picked":["Heel Hook"],"picked":"SKIP","floor":48}],"player_experience":424730,"relics_obtained":[{"floor":9,"key":"Sundial"},{"floor":24,"key":"Thread and Needle"},{"floor":26,"key":"Omamori"},{"floor":34,"key":"Bronze Scales"},{"floor":34,"key":"Mercury Hourglass"},{"floor":34,"key":"WingedGreaves"},{"floor":43,"key":"MealTicket"}],"event_choices":[{"damage_healed":0,"gold_gain":0,"player_choice":"Bought 0 Potions","damage_taken":0,"max_hp_gain":0,"max_hp_loss":0,"event_name":"The Woman in Blue","floor":2,"gold_loss":0},{"damage_healed":0,"gold_gain":0,"player_choice":"Grow","damage_taken":0,"max_hp_gain":0,"max_hp_loss":0,"event_name":"Living Wall","floor":10,"gold_loss":0,"cards_upgraded":["Cloak And Dagger"]},{"damage_healed":0,"gold_gain":75,"player_choice":"Gather Gold","damage_taken":11,"max_hp_gain":0,"max_hp_loss":0,"event_name":"World of Goop","floor":12,"gold_loss":0},{"damage_healed":0,"gold_gain":0,"player_choice":"Upgraded","damage_taken":0,"max_hp_gain":0,"max_hp_loss":0,"event_name":"Upgrade Shrine","floor":19,"gold_loss":0,"cards_upgraded":["After Image"]},{"damage_healed":0,"gold_gain":99,"player_choice":"Stole From Cult","damage_taken":0,"max_hp_gain":0,"max_hp_loss":0,"event_name":"Nest","floor":29,"gold_loss":0},{"damage_healed":0,"gold_gain":0,"player_choice":"Stole Relic","damage_taken":0,"relics_obtained":["Pen Nib"],"max_hp_gain":0,"max_hp_loss":0,"event_name":"Addict","floor":30,"gold_loss":0,"cards_obtained":["Shame"]},{"cards_removed":["Strike_G"],"damage_healed":0,"gold_gain":0,"player_choice":"Removed Attack","damage_taken":0,"max_hp_gain":0,"max_hp_loss":0,"event_name":"Falling","floor":36,"gold_loss":0},{"damage_healed":0,"gold_gain":0,"player_choice":"Damaged","damage_taken":7,"max_hp_gain":0,"max_hp_loss":0,"event_name":"Wheel of Change","floor":38,"gold_loss":0}],"is_beta":false,"boss_relics":[{"not_picked":["Sozu","Fusion Hammer"],"picked":"Busted Crown"},{"not_picked":["Astrolabe","Philosopher\u0027s Stone"],"picked":"Calling Bell"}],"items_purged_floors":[5,31,46],"is_endless":false,"potions_floor_spawned":[1,3,16,18,21,22,24,37,45,48],"killed_by":"Time Eater","ascension_level":13}