{"gold_per_floor":[113,125,10,10,29,29,48,48,48,59,59,86,86,104,104,104],"floor_reached":16,"playtime":542,"items_purged":[],"score":168,"play_id":"5e771a0c-bb1c-484c-b8b1-92b628812817","local_time":"20230830194036","is_ascension_mode":true,"campfire_choices":[{"data":"Neutralize","floor":6,"key":"SMITH"},{"data":"Deadly Poison","floor":8,"key":"SMITH"},{"data":"Poisoned Stab","floor":11,"key":"SMITH"},{"floor":15,"key":"REST"}],"neow_cost":"NONE","seed_source_timestamp":1880374842642800,"circlet_count":0,"master_deck":["AscendersBane","Strike_G","Strike_G","Strike_G","Strike_G","Strike_G","Defend_G","Defend_G","Defend_G","Defend_G","Defend_G","Survivor","Neutralize+1","Dark Shackles","Deflect","Poisoned Stab+1","Footwork","Deadly Poison+1","PiercingWail+1","Prepared","Deadly Poison"],"relics":["Ring of the Snake","Ornamental Fan","Bottled Lightning"],"potions_floor_usage":[10,16],"damage_taken":[{"damage":1,"enemies":"Jaw Worm","floor":1,"turns":7},{"damage":2,"enemies":"2 Louse","floor":2,"turns":6},{"damage":0,"enemies":"Cultist","floor":5,"turns":4},{"damage":0,"enemies":"Blue Slaver","floor":7,"turns":5},{"damage":1,"enemies":"Gremlin Gang","floor":10,"turns":3},{"damage":56,"enemies":"Gremlin Nob","floor":12,"turns":6},{"damage":0,"enemies":"Looter","floor":14,"turns":4},{"damage":24,"enemies":"Slime Boss","floor":16,"turns":7}],"seed_played":"-1244271489745160877","potions_obtained":[{"floor":2,"key":"ColorlessPotion"},{"floor":12,"key":"Dexterity Potion"}],"is_trial":false,"path_per_floor":["M","M","$","?","M","R","M","R","T","M","R","E","?","M","R","B"],"character_chosen":"THE_SILENT","items_purchased":["Footwork","Deadly Poison"],"campfire_rested":1,"item_purchase_floors":[3,3],"current_hp_per_floor":[62,60,60,60,60,60,60,60,60,59,59,3,3,3,24,0],"gold":104,"neow_bonus":"RANDOM_COLORLESS","is_prod":false,"is_daily":false,"chose_seed":false,"campfire_upgraded":3,"win_rate":0,"timestamp":1693449636,"path_taken":["M","M","$","?","M","R","M","R","T","M","R","E","?","M","R","BOSS"],"build_version":"2022-12-18","purchased_purges":0,"victory":false,"max_hp_per_floor":[70,70,70,70,70,70,70,70,70,70,70,70,70,70,70,70],"card_choices":[{"not_picked":["Deep Breath","Discovery"],"picked":"Dark Shackles","floor":0},{"not_picked":["Concentrate","Bane"],"picked":"Deflect","floor":1},{"not_picked":["PiercingWail","Outmaneuver"],"picked":"Poisoned Stab","floor":2},{"not_picked":["Bane","Sucker Punch"],"picked":"PiercingWail","floor":5},{"not_picked":["Outmaneuver","Dagger Throw","Quick Slash"],"picked":"SKIP","floor":7},{"not_picked":["Distraction","Skewer"],"picked":"Prepared","floor":10},{"not_picked":["Endless Agony","Outmaneuver"],"picked":"Deadly Poison","floor":12},{"not_picked":["Deflect","Infinite Blades","Dagger Throw"],"picked":"SKIP","floor":14}],"player_experience":427031,"relics_obtained":[{"floor":9,"key":"Ornamental Fan"},{"floor":12,"key":"Bottled Lightning"}],"event_choices":[{"damage_healed":0,"gold_gain":0,"player_choice":"Ignored","damage_taken":0,"max_hp_gain":0,"max_hp_loss":0,"event_name":"Liars Game","floor":4,"gold_loss":0},{"damage_healed":0,"gold_gain":0,"player_choice":"Upgraded","damage_taken":0,"max_hp_gain":0,"max_hp_loss":0,"event_name":"Upgrade Shrine","floor":13,"gold_loss":0,"cards_upgraded":["PiercingWail"]}],"is_beta":false,"boss_relics":[],"items_purged_floors":[],"is_endless":false,"potions_floor_spawned":[2,12],"killed_by":"Slime Boss","ascension_level":13}