{"gold_per_floor":[118,118,128,140,151,151,180,192,192,192,219,233,233,248,248,248],"floor_reached":16,"playtime":664,"items_purged":[],"score":172,"play_id":"a7984271-2be5-472d-ac05-bd57569bcc95","local_time":"20230829183814","is_ascension_mode":true,"campfire_choices":[{"data":"Neutralize","floor":6,"key":"SMITH"},{"data":"Burst","floor":13,"key":"SMITH"},{"data":"Deadly Poison","floor":15,"key":"SMITH"}],"neow_cost":"NONE","seed_source_timestamp":1790097171002700,"circlet_count":0,"master_deck":["AscendersBane","Strike_G","Strike_G","Strike_G","Strike_G","Strike_G","Defend_G","Defend_G","Defend_G","Defend_G","Defend_G","Survivor","Neutralize+1","Bouncing Flask","Slice","Blade Dance","Deflect","Burst+1","Deadly Poison+1"],"relics":["Ring of the Snake","Darkstone Periapt","Omamori","Oddly Smooth Stone"],"potions_floor_usage":[7,7,16,16],"damage_taken":[{"damage":0,"enemies":"Jaw Worm","floor":1,"turns":7},{"damage":2,"enemies":"Small Slimes","floor":3,"turns":4},{"damage":1,"enemies":"Cultist","floor":4,"turns":4},{"damage":7,"enemies":"3 Louse","floor":5,"turns":4},{"damage":31,"enemies":"3 Sentries","floor":7,"turns":9},{"damage":1,"enemies":"Exordium Thugs","floor":8,"turns":6},{"damage":3,"enemies":"Blue Slaver","floor":12,"turns":4},{"damage":0,"enemies":"Red Slaver","floor":14,"turns":3},{"damage":50,"enemies":"Slime Boss","floor":16,"turns":8}],"seed_played":"2000834409366945860","potions_obtained":[{"floor":1,"key":"AttackPotion"},{"floor":3,"key":"GamblersBrew"},{"floor":8,"key":"LiquidBronze"},{"floor":12,"key":"LiquidMemories"}],"is_trial":false,"path_per_floor":["M","?","M","M","M","R","E","M","T","?","T","M","R","M","R","B"],"character_chosen":"THE_SILENT","items_purchased":[],"campfire_rested":0,"item_purchase_floors":[],"current_hp_per_floor":[70,70,68,67,60,60,29,28,28,47,47,44,44,44,44,0],"gold":248,"neow_bonus":"TEN_PERCENT_HP_BONUS","is_prod":false,"is_daily":false,"chose_seed":false,"campfire_upgraded":3,"win_rate":0,"timestamp":1693359494,"path_taken":["M","?","M","M","M","R","E","M","T","?","?","M","R","M","R","BOSS"],"build_version":"2022-12-18","purchased_purges":0,"victory":false,"max_hp_per_floor":[77,77,77,77,77,77,77,77,77,77,77,77,77,77,77,77],"card_choices":[{"not_picked":["Skewer","Dagger Spray"],"picked":"Bouncing Flask","floor":1},{"not_picked":["Choke","Blur"],"picked":"Slice","floor":3},{"not_picked":["Riddle With Holes","Sucker Punch"],"picked":"Blade Dance","floor":4},{"not_picked":["Deadly Poison","Eviscerate"],"picked":"Deflect","floor":5},{"not_picked":["Dodge and Roll","Flying Knee"],"picked":"Burst","floor":7},{"not_picked":["Bane","Backstab"],"picked":"Deadly Poison","floor":8},{"not_picked":["Underhanded Strike","Flying Knee","Outmaneuver"],"picked":"SKIP","floor":12},{"not_picked":["Setup","Backstab","Expertise"],"picked":"SKIP","floor":14}],"player_experience":420953,"relics_obtained":[{"floor":7,"key":"Darkstone Periapt"},{"floor":9,"key":"Omamori"},{"floor":11,"key":"Oddly Smooth Stone"}],"event_choices":[{"damage_healed":0,"gold_gain":0,"player_choice":"Ignored","damage_taken":0,"max_hp_gain":0,"max_hp_loss":0,"event_name":"Liars Game","floor":2,"gold_loss":0},{"damage_healed":19,"gold_gain":0,"player_choice":"Healed and dodged fight","damage_taken":0,"max_hp_gain":0,"max_hp_loss":0,"event_name":"Mushrooms","floor":10,"gold_loss":0,"cards_obtained":["Parasite"]}],"is_beta":false,"boss_relics":[],"items_purged_floors":[],"is_endless":false,"potions_floor_spawned":[1,3,8,12],"killed_by":"Slime Boss","ascension_level":13}