{"gold_per_floor":[114,114,189,205,222,222,238,203,203,203,203,213,213,273,273,350,350,363,363,363,378,378,378,404,420,420,470,470,98,98,129,129,129],"floor_reached":33,"playtime":1383,"items_purged":["Accuracy+1"],"score":513,"play_id":"f6bf7e68-f323-4244-93ff-1cf7946d8b6b","local_time":"20230903203230","is_ascension_mode":true,"campfire_choices":[{"data":"Neutralize","floor":6,"key":"SMITH"},{"data":"Footwork","floor":10,"key":"SMITH"},{"data":"Bouncing Flask","floor":13,"key":"SMITH"},{"floor":15,"key":"REST"},{"floor":23,"key":"REST"},{"data":"Footwork","floor":28,"key":"SMITH"},{"data":"Deadly Poison","floor":30,"key":"SMITH"},{"data":"Poisoned Stab","floor":32,"key":"SMITH"}],"neow_cost":"NONE","seed_source_timestamp":2228254154774100,"circlet_count":0,"master_deck":["AscendersBane","Strike_G","Strike_G","Strike_G","Defend_G","Defend_G","Defend_G","Defend_G","Defend_G+1","Survivor","Neutralize+1","Deflect","Escape Plan","Footwork+1","Bouncing Flask+1","Deadly Poison+1","Tools of the Trade","CurseOfTheBell","Footwork+1","Leg Sweep+1","Caltrops+1","PiercingWail","Poisoned Stab+1","Bandage Up"],"relics":["Ring of the Snake","Mercury Hourglass","Torii","Calling Bell","Akabeko","Gremlin Horn","Mango","Bronze Scales","Meat on the Bone","ClockworkSouvenir","Peace Pipe"],"potions_floor_usage":[14,14,21,24,24,33],"damage_taken":[{"damage":1,"enemies":"Small Slimes","floor":1,"turns":5},{"damage":0,"enemies":"2 Louse","floor":4,"turns":4},{"damage":5,"enemies":"Jaw Worm","floor":5,"turns":7},{"damage":8,"enemies":"2 Fungi Beasts","floor":7,"turns":7},{"damage":0,"enemies":"Red Slaver","floor":12,"turns":6},{"damage":10,"enemies":"Gremlin Nob","floor":14,"turns":4},{"damage":17,"enemies":"Slime Boss","floor":16,"turns":12},{"damage":1,"enemies":"3 Byrds","floor":18,"turns":5},{"damage":8,"enemies":"Chosen","floor":21,"turns":7},{"damage":1,"enemies":"Gremlin Leader","floor":24,"turns":10},{"damage":6,"enemies":"Snake Plant","floor":25,"turns":4},{"damage":11,"enemies":"Slavers","floor":31,"turns":6},{"damage":66,"enemies":"Collector","floor":33,"turns":7}],"seed_played":"-510092722980768039","potions_obtained":[{"floor":4,"key":"SteroidPotion"},{"floor":7,"key":"Regen Potion"},{"floor":14,"key":"CultistPotion"},{"floor":18,"key":"Ancient Potion"},{"floor":21,"key":"ColorlessPotion"},{"floor":31,"key":"Dexterity Potion"}],"is_trial":false,"path_per_floor":["M","?","?","M","M","R","M","?","T","R","?","M","R","?","R","B",null,"M","?","?","M","?","R","E","M","T","?","R","$","R","E","R","B"],"character_chosen":"THE_SILENT","items_purchased":["Poisoned Stab","ClockworkSouvenir","Bandage Up"],"campfire_rested":2,"item_purchase_floors":[29,29,29],"current_hp_per_floor":[64,57,46,46,41,41,33,51,51,51,29,29,29,33,54,37,77,76,76,51,43,43,70,69,63,63,63,63,63,63,56,56,0],"gold":129,"neow_bonus":"TEN_PERCENT_HP_BONUS","is_prod":false,"is_daily":false,"chose_seed":false,"campfire_upgraded":6,"win_rate":0,"timestamp":1693798350,"path_taken":["M","?","?","M","M","R","M","?","T","R","?","M","R","?","R","BOSS","M","?","?","M","?","R","E","?","T","?","R","$","R","E","R","BOSS"],"build_version":"2022-12-18","purchased_purges":1,"victory":false,"max_hp_per_floor":[72,72,72,72,72,72,72,72,72,72,72,72,72,72,72,72,86,86,86,91,91,91,91,91,91,91,91,91,91,91,91,91,91],"card_choices":[{"not_picked":["Bane","Prepared"],"picked":"Accuracy","floor":1},{"not_picked":["Dodge and Roll","Calculated Gamble"],"picked":"Deflect","floor":4},{"not_picked":["Quick Slash","Choke"],"picked":"Escape Plan","floor":5},{"not_picked":["Dodge and Roll","Quick Slash"],"picked":"Footwork","floor":7},{"not_picked":["Concentrate","Dodge and Roll"],"picked":"Bouncing Flask","floor":12},{"not_picked":["Well Laid Plans","A Thousand Cuts"],"picked":"Deadly Poison","floor":14},{"not_picked":["Grand Finale","Storm of Steel"],"picked":"Tools of the Trade","floor":16},{"not_picked":["Underhanded Strike","Masterful Stab","Quick Slash"],"picked":"SKIP","floor":18},{"not_picked":["Slice+1","Acrobatics"],"picked":"Leg Sweep+1","floor":21},{"not_picked":["Prepared+1","Setup"],"picked":"Caltrops+1","floor":24},{"not_picked":["Dodge and Roll","Flechettes"],"picked":"PiercingWail","floor":25},{"not_picked":["Dagger Spray+1","Accuracy","A Thousand Cuts"],"picked":"SKIP","floor":31}],"player_experience":474193,"relics_obtained":[{"floor":9,"key":"Mercury Hourglass"},{"floor":17,"key":"Akabeko"},{"floor":17,"key":"Gremlin Horn"},{"floor":17,"key":"Mango"},{"floor":24,"key":"Bronze Scales"},{"floor":26,"key":"Meat on the Bone"},{"floor":31,"key":"Peace Pipe"}],"event_choices":[{"cards_removed":["Strike_G"],"damage_healed":0,"gold_gain":0,"player_choice":"Card Removal","damage_taken":7,"max_hp_gain":0,"max_hp_loss":0,"event_name":"Golden Wing","floor":2,"gold_loss":0},{"damage_healed":0,"gold_gain":75,"player_choice":"Gather Gold","damage_taken":11,"max_hp_gain":0,"max_hp_loss":0,"event_name":"World of Goop","floor":3,"gold_loss":0},{"damage_healed":18,"gold_gain":0,"player_choice":"Healed","damage_taken":0,"max_hp_gain":0,"max_hp_loss":0,"event_name":"The Cleric","floor":8,"gold_loss":35},{"damage_healed":0,"gold_gain":0,"player_choice":"Entered Light","damage_taken":22,"max_hp_gain":0,"max_hp_loss":0,"event_name":"Shining Light","floor":11,"gold_loss":0,"cards_upgraded":["Defend_G","Accuracy"]},{"damage_healed":0,"gold_gain":0,"player_choice":"Searched \u00273\u0027 times","damage_taken":0,"relics_obtained":["Torii"],"max_hp_gain":0,"max_hp_loss":0,"event_name":"Dead Adventurer","floor":14,"gold_loss":0},{"damage_healed":0,"gold_gain":0,"player_choice":"Read","damage_taken":0,"max_hp_gain":0,"max_hp_loss":0,"event_name":"The Library","floor":19,"gold_loss":0,"cards_obtained":["Footwork"]},{"damage_healed":0,"gold_gain":0,"player_choice":"Shed Blood","damage_taken":30,"max_hp_gain":5,"max_hp_loss":0,"event_name":"Forgotten Altar","floor":20,"gold_loss":0},{"cards_removed":["Strike_G"],"damage_healed":0,"gold_gain":0,"player_choice":"Purged","damage_taken":0,"max_hp_gain":0,"max_hp_loss":0,"event_name":"Purifier","floor":22,"gold_loss":0},{"damage_healed":0,"gold_gain":50,"player_choice":"Stole From Cult","damage_taken":0,"max_hp_gain":0,"max_hp_loss":0,"event_name":"Nest","floor":27,"gold_loss":0}],"is_beta":false,"boss_relics":[{"not_picked":["Snecko Eye","Empty Cage"],"picked":"Calling Bell"}],"items_purged_floors":[29],"is_endless":false,"potions_floor_spawned":[4,7,14,18,21,31],"killed_by":"Collector","ascension_level":16}