{"gold_per_floor":[119,134,134,146,146,146,164,184,255,274,1,1,13,46,46,117,117,117,117,117,117,67,67,67,67,67,67,67,67,67,67,67,67],"floor_reached":33,"playtime":1332,"items_purged":["Strike_G","Strike_G"],"score":481,"play_id":"10cd9d3d-0788-432e-b854-fc6dd04906db","local_time":"20230903212142","is_ascension_mode":true,"campfire_choices":[{"data":"Neutralize","floor":6,"key":"SMITH"},{"data":"Noxious Fumes","floor":12,"key":"SMITH"},{"data":"Poisoned Stab","floor":15,"key":"SMITH"},{"data":"Burst","floor":23,"key":"SMITH"},{"floor":25,"key":"REST"},{"floor":30,"key":"REST"},{"floor":32,"key":"REST"}],"neow_cost":"NONE","seed_source_timestamp":2231253980803200,"circlet_count":0,"master_deck":["AscendersBane","Strike_G","Strike_G","Strike_G","Defend_G","Defend_G","Defend_G","Defend_G","Defend_G","Survivor","Neutralize","PiercingWail","Finisher","Endless Agony","Neutralize+1","Deflect","Noxious Fumes+1","Poisoned Stab+1","Dash","Burst+1","Deadly Poison","Writhe","Noxious Fumes","Calculated Gamble","PiercingWail"],"relics":["Ring of the Snake","Smiling Mask","StoneCalendar","Letter Opener","Snake Skull","Tiny Chest","Ectoplasm","Omamori","Red Mask","Happy Flower","White Beast Statue","Juzu Bracelet"],"potions_floor_usage":[14,16,28,29,33,33,33],"damage_taken":[{"damage":0,"enemies":"2 Louse","floor":1,"turns":3},{"damage":1,"enemies":"Cultist","floor":2,"turns":4},{"damage":6,"enemies":"Jaw Worm","floor":4,"turns":7},{"damage":0,"enemies":"Blue Slaver","floor":7,"turns":3},{"damage":1,"enemies":"2 Fungi Beasts","floor":8,"turns":3},{"damage":1,"enemies":"Looter","floor":10,"turns":5},{"damage":4,"enemies":"Exordium Thugs","floor":13,"turns":6},{"damage":12,"enemies":"Lagavulin","floor":14,"turns":6},{"damage":13,"enemies":"Slime Boss","floor":16,"turns":7},{"damage":1,"enemies":"3 Byrds","floor":18,"turns":5},{"damage":10,"enemies":"Shell Parasite","floor":21,"turns":6},{"damage":14,"enemies":"Masked Bandits","floor":24,"turns":4},{"damage":20,"enemies":"Slavers","floor":28,"turns":6},{"damage":23,"enemies":"Cultist and Chosen","floor":29,"turns":6},{"damage":9,"enemies":"Snake Plant","floor":31,"turns":5},{"damage":52,"enemies":"Collector","floor":33,"turns":6}],"seed_played":"-6245948431700849648","potions_obtained":[{"floor":2,"key":"PowerPotion"},{"floor":7,"key":"Regen Potion"},{"floor":24,"key":"BlessingOfTheForge"},{"floor":28,"key":"SkillPotion"},{"floor":29,"key":"EntropicBrew"},{"floor":31,"key":"CultistPotion"}],"is_trial":false,"path_per_floor":["M","M","?","M","?","R","M","M","T","M","$","R","M","E","R","B",null,"M","?","?","M","$","R","?","R","T","T","E","M","R","M","R","B"],"character_chosen":"THE_SILENT","items_purchased":["Snake Skull","Poisoned Stab"],"campfire_rested":3,"item_purchase_floors":[11,11],"current_hp_per_floor":[59,58,53,47,47,47,47,46,46,45,45,45,41,44,44,31,57,56,56,56,46,46,46,32,51,51,51,31,8,27,18,37,0],"gold":67,"neow_bonus":"RANDOM_COMMON_RELIC","is_prod":false,"is_daily":false,"chose_seed":false,"campfire_upgraded":4,"win_rate":0,"timestamp":1693801302,"path_taken":["M","M","?","M","?","R","M","?","T","M","$","R","M","E","R","BOSS","M","?","?","M","$","R","?","R","T","?","E","M","R","M","R","BOSS"],"build_version":"2022-12-18","purchased_purges":2,"victory":false,"max_hp_per_floor":[66,66,66,66,66,66,66,66,66,66,66,66,66,66,66,66,66,66,66,66,66,66,66,66,66,66,66,66,66,66,66,66,66],"card_choices":[{"not_picked":["Slice","Bane"],"picked":"PiercingWail","floor":1},{"not_picked":["Acrobatics","Quick Slash"],"picked":"Finisher","floor":2},{"not_picked":["PiercingWail","Outmaneuver"],"picked":"Endless Agony","floor":4},{"not_picked":["Envenom","Quick Slash"],"picked":"Deflect","floor":7},{"not_picked":["Crippling Poison","Underhanded Strike","Sucker Punch"],"picked":"SKIP","floor":8},{"not_picked":["Flying Knee","Reflex"],"picked":"Noxious Fumes","floor":10},{"not_picked":["Calculated Gamble","Predator"],"picked":"Dash","floor":13},{"not_picked":["Slice","Dodge and Roll","Heel Hook"],"picked":"SKIP","floor":14},{"not_picked":["Glass Knife","Die Die Die"],"picked":"Burst","floor":16},{"not_picked":["Outmaneuver","Dodge and Roll"],"picked":"Deadly Poison","floor":18},{"not_picked":["Blur","Heel Hook","Bane"],"picked":"SKIP","floor":21},{"not_picked":["Heel Hook","Dodge and Roll+1"],"picked":"Noxious Fumes","floor":24},{"not_picked":["Slice+1","Cloak And Dagger","Flechettes"],"picked":"SKIP","floor":28},{"not_picked":["Underhanded Strike","Dagger Throw"],"picked":"Calculated Gamble","floor":29},{"not_picked":["Backstab","Skewer"],"picked":"PiercingWail","floor":31}],"player_experience":476501,"relics_obtained":[{"floor":9,"key":"Letter Opener"},{"floor":14,"key":"Tiny Chest"},{"floor":24,"key":"Red Mask"},{"floor":26,"key":"Happy Flower"},{"floor":27,"key":"White Beast Statue"},{"floor":28,"key":"Juzu Bracelet"}],"event_choices":[{"damage_healed":0,"gold_gain":0,"player_choice":"Success","damage_taken":5,"relics_obtained":["StoneCalendar"],"max_hp_gain":0,"max_hp_loss":0,"event_name":"Scrap Ooze","floor":3,"gold_loss":0},{"damage_healed":0,"gold_gain":0,"player_choice":"1 cards matched","damage_taken":0,"max_hp_gain":0,"max_hp_loss":0,"event_name":"Match and Keep!","floor":5,"gold_loss":0,"cards_obtained":["Neutralize"]},{"damage_healed":0,"gold_gain":0,"player_choice":"Opened","damage_taken":0,"relics_obtained":["Omamori"],"max_hp_gain":0,"max_hp_loss":0,"event_name":"The Mausoleum","floor":19,"gold_loss":0,"cards_obtained":["Writhe"]},{"damage_healed":0,"gold_gain":0,"player_choice":"Ignored","damage_taken":0,"max_hp_gain":0,"max_hp_loss":0,"event_name":"Cursed Tome","floor":20,"gold_loss":0},{"damage_healed":0,"gold_gain":0,"player_choice":"Fought Bandits","damage_taken":0,"max_hp_gain":0,"max_hp_loss":0,"event_name":"Masked Bandits","floor":24,"gold_loss":0}],"is_beta":false,"boss_relics":[{"not_picked":["Runic Pyramid","Pandora\u0027s Box"],"picked":"Ectoplasm"}],"items_purged_floors":[11,22],"is_endless":false,"potions_floor_spawned":[2,7,8,13,24,28,29,31],"killed_by":"Collector","ascension_level":16}