{"gold_per_floor":[12,30,30,30,42,42,42,42,66,94,94,111,111,122,122,197,197,215,233,233,253,433,433,443,443,468,358,388,57,82,98,98,171,171,189,189,205,205,222,249,249,249,249,249,277,277,310,310,310,310],"floor_reached":51,"playtime":2618,"items_purged":[],"score":1669,"play_id":"3f329ee4-8350-4649-bc34-fc9c8161c33d","local_time":"20230908234144","is_ascension_mode":true,"campfire_choices":[{"data":"Deadly Poison","floor":6,"key":"SMITH"},{"floor":8,"key":"REST"},{"data":"Wraith Form v2","floor":11,"key":"SMITH"},{"data":"Catalyst","floor":13,"key":"SMITH"},{"data":"Noxious Fumes","floor":15,"key":"SMITH"},{"data":"Calculated Gamble","floor":23,"key":"SMITH"},{"floor":25,"key":"REST"},{"floor":32,"key":"REST"},{"data":"Bouncing Flask","floor":42,"key":"SMITH"},{"floor":44,"key":"REST"},{"data":"Neutralize","floor":46,"key":"SMITH"},{"floor":49,"key":"REST"}],"neow_cost":"NO_GOLD","seed_source_timestamp":2670389780044900,"circlet_count":0,"master_deck":["AscendersBane","Strike_G","Defend_G","Defend_G+1","Defend_G","Defend_G+1","Survivor","Neutralize+1","Reflex","Cloak And Dagger","Deadly Poison+1","Calculated Gamble+1","Choke","Catalyst+1","Wraith Form v2+1","Noxious Fumes+1","Venomology+1","Backflip+1","Acrobatics","Night Terror","Bouncing Flask+1","Corpse Explosion","Tactician","Apotheosis","Escape Plan+1"],"relics":["Ring of the Snake","White Beast Statue","Bag of Marbles","MealTicket","SlaversCollar","Toy Ornithopter","War Paint","ClockworkSouvenir","Bag of Preparation","The Specimen","Snecko Eye","Strawberry","Mummified Hand","Art of War","Unceasing Top"],"potions_floor_usage":[10,16,16,19,24,24,30,30,31,31,33,33,37,37,40,40,45,47,50,50,50],"damage_taken":[{"damage":28,"enemies":"Jaw Worm","floor":1,"turns":11},{"damage":1,"enemies":"Cultist","floor":2,"turns":5},{"damage":0,"enemies":"2 Louse","floor":5,"turns":3},{"damage":11,"enemies":"Lagavulin","floor":10,"turns":6},{"damage":7,"enemies":"Exordium Thugs","floor":12,"turns":6},{"damage":2,"enemies":"3 Louse","floor":14,"turns":4},{"damage":0,"enemies":"Slime Boss","floor":16,"turns":3},{"damage":1,"enemies":"Shell Parasite","floor":18,"turns":4},{"damage":2,"enemies":"Chosen","floor":19,"turns":4},{"damage":5,"enemies":"3 Cultists","floor":21,"turns":6},{"damage":10,"enemies":"Shelled Parasite and Fungi","floor":24,"turns":5},{"damage":27,"enemies":"Slavers","floor":28,"turns":6},{"damage":24,"enemies":"Book of Stabbing","floor":30,"turns":5},{"damage":34,"enemies":"Cultist and Chosen","floor":31,"turns":9},{"damage":20,"enemies":"Automaton","floor":33,"turns":9},{"damage":2,"enemies":"3 Shapes","floor":35,"turns":4},{"damage":33,"enemies":"3 Darklings","floor":37,"turns":6},{"damage":0,"enemies":"Maw","floor":39,"turns":2},{"damage":6,"enemies":"Reptomancer","floor":40,"turns":7},{"damage":0,"enemies":"Nemesis","floor":45,"turns":3},{"damage":14,"enemies":"Giant Head","floor":47,"turns":4},{"damage":54,"enemies":"Donu and Deca","floor":50,"turns":8}],"seed_played":"8952340499419088820","potions_obtained":[{"floor":5,"key":"GamblersBrew"},{"floor":10,"key":"Poison Potion"},{"floor":12,"key":"DuplicationPotion"},{"floor":16,"key":"SteroidPotion"},{"floor":18,"key":"Swift Potion"},{"floor":24,"key":"Ancient Potion"},{"floor":28,"key":"Dexterity Potion"},{"floor":30,"key":"DuplicationPotion"},{"floor":31,"key":"Poison Potion"},{"floor":33,"key":"AttackPotion"},{"floor":35,"key":"Block Potion"},{"floor":37,"key":"ColorlessPotion"},{"floor":40,"key":"SneckoOil"}],"is_trial":false,"path_per_floor":["M","M","?","$","M","R","T","R","T","E","R","M","R","M","R","B",null,"M","M","?","M","?","R","M","R","T","?","E","$","E","M","R","B",null,"M","?","M","?","M","E","?","R","T","R","E","R","E","?","R","B",null],"character_chosen":"THE_SILENT","items_purchased":["ClockworkSouvenir","Bag of Preparation"],"campfire_rested":5,"item_purchase_floors":[29,29],"current_hp_per_floor":[31,30,30,30,30,30,30,49,49,38,38,31,31,29,29,29,57,56,54,54,49,30,30,20,39,39,39,12,27,13,13,32,22,55,53,53,30,30,30,41,41,41,41,61,66,66,57,57,69,30],"gold":310,"neow_bonus":"TRANSFORM_TWO_CARDS","is_prod":false,"is_daily":false,"chose_seed":false,"campfire_upgraded":7,"win_rate":0,"timestamp":1694241704,"path_taken":["M","M","?","$","?","R","?","R","T","E","R","M","R","M","R","BOSS","M","M","?","M","?","R","?","R","T","?","E","?","E","M","R","BOSS","M","?","M","?","M","E","?","R","T","R","E","R","E","?","R","BOSS"],"build_version":"2022-12-18","purchased_purges":0,"victory":true,"max_hp_per_floor":[66,66,66,66,66,66,66,66,66,66,66,66,66,66,66,66,66,66,66,66,66,66,66,66,66,66,66,66,66,66,66,66,66,66,66,66,66,66,66,73,69,69,69,69,69,69,69,69,69,69],"card_choices":[{"not_picked":["Dagger Throw","Concentrate"],"picked":"Deadly Poison","floor":1},{"not_picked":["Dodge and Roll","Blade Dance"],"picked":"Calculated Gamble","floor":2},{"not_picked":["Acrobatics","Deadly Poison"],"picked":"Catalyst","floor":5},{"not_picked":["Dagger Spray","Acrobatics"],"picked":"Wraith Form v2","floor":10},{"not_picked":["Dagger Spray","Cloak And Dagger"],"picked":"Noxious Fumes","floor":12},{"not_picked":["Dodge and Roll","Accuracy","Expertise"],"picked":"SKIP","floor":14},{"not_picked":["Malaise","Unload"],"picked":"Venomology","floor":16},{"not_picked":["Cloak And Dagger","Concentrate"],"picked":"Backflip+1","floor":18},{"not_picked":["Predator","Acrobatics","Backflip"],"picked":"SKIP","floor":19},{"not_picked":["Terror","Predator+1"],"picked":"Acrobatics","floor":21},{"not_picked":["Outmaneuver","PiercingWail","Acrobatics"],"picked":"SKIP","floor":24},{"not_picked":["Underhanded Strike","Cloak And Dagger"],"picked":"Night Terror","floor":28},{"not_picked":["Expertise","Flying Knee+1"],"picked":"Bouncing Flask","floor":30},{"not_picked":["Heel Hook","Distraction","Predator"],"picked":"SKIP","floor":31},{"not_picked":["After Image","Tools of the Trade"],"picked":"Corpse Explosion","floor":33},{"not_picked":["Deflect","Well Laid Plans"],"picked":"Tactician","floor":35},{"not_picked":["Panache","Swift Strike"],"picked":"Apotheosis","floor":36},{"not_picked":["Dagger Throw+1","Cloak And Dagger"],"picked":"Escape Plan+1","floor":37},{"not_picked":["Escape Plan","All Out Attack","Flying Knee"],"picked":"SKIP","floor":39},{"not_picked":["Backstab+1","Setup","All Out Attack+1"],"picked":"SKIP","floor":40},{"not_picked":["Predator","Sucker Punch","Prepared"],"picked":"SKIP","floor":45},{"not_picked":["Skewer","Outmaneuver","Poisoned Stab+1"],"picked":"SKIP","floor":47}],"player_experience":519686,"relics_obtained":[{"floor":7,"key":"White Beast Statue"},{"floor":9,"key":"Bag of Marbles"},{"floor":10,"key":"MealTicket"},{"floor":26,"key":"Toy Ornithopter"},{"floor":28,"key":"War Paint"},{"floor":30,"key":"The Specimen"},{"floor":40,"key":"Strawberry"},{"floor":43,"key":"Mummified Hand"},{"floor":45,"key":"Art of War"},{"floor":47,"key":"Unceasing Top"}],"event_choices":[{"damage_healed":0,"gold_gain":0,"cards_transformed":["Defend_G"],"player_choice":"Transformed","damage_taken":0,"max_hp_gain":0,"max_hp_loss":0,"event_name":"Transmorgrifier","floor":3,"gold_loss":0,"cards_obtained":["Choke"]},{"cards_removed":["Strike_G"],"damage_healed":0,"gold_gain":0,"player_choice":"Elegance","damage_taken":0,"max_hp_gain":0,"max_hp_loss":0,"event_name":"Back to Basics","floor":20,"gold_loss":0},{"damage_healed":0,"gold_gain":180,"player_choice":"GOLD GOLD ","damage_taken":19,"max_hp_gain":0,"max_hp_loss":0,"event_name":"Knowing Skull","floor":22,"potions_obtained":[],"gold_loss":0,"cards_obtained":[]},{"cards_removed":["Strike_G"],"damage_healed":0,"gold_gain":0,"player_choice":"Upgrade and Remove","damage_taken":0,"max_hp_gain":0,"max_hp_loss":0,"event_name":"Designer","floor":27,"gold_loss":110,"cards_upgraded":["Defend_G"]},{"damage_healed":0,"gold_gain":0,"player_choice":"Memory 1","damage_taken":0,"max_hp_gain":0,"max_hp_loss":0,"event_name":"SensoryStone","floor":36,"gold_loss":0},{"damage_healed":0,"gold_gain":0,"player_choice":"Ignored","damage_taken":0,"max_hp_gain":0,"max_hp_loss":0,"event_name":"The Moai Head","floor":38,"gold_loss":0},{"damage_healed":0,"gold_gain":0,"player_choice":"Max HP","damage_taken":0,"max_hp_gain":0,"max_hp_loss":4,"event_name":"Winding Halls","floor":41,"gold_loss":0},{"damage_healed":0,"gold_gain":0,"player_choice":"Ignored","damage_taken":0,"max_hp_gain":0,"max_hp_loss":0,"event_name":"Mysterious Sphere","floor":48,"gold_loss":0}],"is_beta":false,"boss_relics":[{"not_picked":["Calling Bell","Pandora\u0027s Box"],"picked":"SlaversCollar"},{"not_picked":["WristBlade","Sozu"],"picked":"Snecko Eye"}],"items_purged_floors":[],"is_endless":false,"potions_floor_spawned":[5,10,12,14,16,18,19,21,24,28,30,31,33,35,37,39,40,45,47],"ascension_level":17}