{"gold_per_floor":[115,130,148,166,184,216,216,236,236,236,25,57,57,71,71,144,144,160,34,34,49,49,49,49],"floor_reached":24,"playtime":1082,"items_purged":[],"score":416,"play_id":"b0637f30-a804-43e0-b10b-241e7457e78e","local_time":"20230916232817","is_ascension_mode":true,"campfire_choices":[{"data":"Die Die Die","floor":7,"key":"SMITH"},{"data":"Blade Dance","floor":13,"key":"SMITH"},{"data":"Finisher","floor":15,"key":"SMITH"},{"data":"Doppelganger","floor":23,"key":"SMITH"}],"neow_cost":"PERCENT_DAMAGE","seed_source_timestamp":276026522427500,"circlet_count":0,"master_deck":["AscendersBane","Strike_G","Strike_G","Strike_G","Strike_G","Defend_G","Defend_G","Defend_G","Defend_G","Defend_G","Survivor","Neutralize","Die Die Die+1","Terror","Expertise","Poisoned Stab","Finisher+1","Deflect","Blade Dance+1","Escape Plan","PiercingWail","Doppelganger+1","Outmaneuver+1","Footwork","Ghostly","Ghostly","Ghostly"],"relics":["Ring of the Snake","The Courier","HornCleat","Shuriken","Regal Pillow","Runic Dome","Bag of Preparation"],"potions_floor_usage":[6,12,16,24,24],"damage_taken":[{"damage":1,"enemies":"Small Slimes","floor":1,"turns":3},{"damage":0,"enemies":"Cultist","floor":2,"turns":2},{"damage":1,"enemies":"2 Louse","floor":3,"turns":3},{"damage":4,"enemies":"Large Slime","floor":4,"turns":5},{"damage":9,"enemies":"Red Slaver","floor":5,"turns":4},{"damage":33,"enemies":"Lagavulin","floor":6,"turns":8},{"damage":0,"enemies":"Lots of Slimes","floor":8,"turns":1},{"damage":3,"enemies":"3 Sentries","floor":12,"turns":6},{"damage":0,"enemies":"2 Fungi Beasts","floor":14,"turns":3},{"damage":6,"enemies":"Hexaghost","floor":16,"turns":5},{"damage":9,"enemies":"3 Byrds","floor":18,"turns":5},{"damage":30,"enemies":"Chosen","floor":21,"turns":6},{"damage":15,"enemies":"Gremlin Leader","floor":24,"turns":7}],"seed_played":"-5885777948564764575","potions_obtained":[{"floor":1,"key":"Regen Potion"},{"floor":4,"key":"Regen Potion"},{"floor":12,"key":"ColorlessPotion"},{"floor":16,"key":"SteroidPotion"},{"floor":21,"key":"Block Potion"}],"is_trial":false,"path_per_floor":["M","M","M","M","M","E","R","M","T","?","$","E","R","M","R","B",null,"M","$","?","M","?","R","E"],"character_chosen":"THE_SILENT","items_purchased":["Shuriken","Bag of Preparation"],"campfire_rested":0,"item_purchase_floors":[11,19],"current_hp_per_floor":[43,43,42,38,29,11,11,11,11,11,11,23,23,23,23,17,54,45,45,45,15,15,15,0],"gold":49,"neow_bonus":"THREE_RARE_CARDS","is_prod":false,"is_daily":false,"chose_seed":false,"campfire_upgraded":4,"win_rate":0,"timestamp":1694932097,"path_taken":["M","M","M","M","M","E","R","M","T","?","$","E","R","M","R","BOSS","M","?","?","M","?","R","E"],"build_version":"2022-12-18","purchased_purges":0,"victory":false,"max_hp_per_floor":[66,66,66,66,66,66,66,66,66,66,66,66,66,66,66,66,66,66,66,66,66,33,33,33],"card_choices":[{"not_picked":["Burst","Wraith Form v2"],"picked":"Die Die Die","floor":0},{"not_picked":["Infinite Blades","Prepared"],"picked":"Terror","floor":1},{"not_picked":["Flechettes","Bane"],"picked":"Expertise","floor":2},{"not_picked":["Prepared","Quick Slash"],"picked":"Poisoned Stab","floor":3},{"not_picked":["Burst","Acrobatics"],"picked":"Finisher","floor":4},{"not_picked":["Flying Knee","Underhanded Strike"],"picked":"Deflect","floor":5},{"not_picked":["Endless Agony","Poisoned Stab"],"picked":"Blade Dance","floor":6},{"not_picked":["Dagger Spray","Skewer"],"picked":"Escape Plan","floor":8},{"not_picked":["Sucker Punch","Dodge and Roll"],"picked":"PiercingWail","floor":12},{"not_picked":["Prepared","Poisoned Stab","Quick Slash"],"picked":"SKIP","floor":14},{"not_picked":["Grand Finale","Glass Knife"],"picked":"Doppelganger","floor":16},{"not_picked":["Dodge and Roll","Caltrops"],"picked":"Outmaneuver+1","floor":18},{"not_picked":["Finisher","Deadly Poison","Dagger Throw"],"picked":"SKIP","floor":21}],"player_experience":618898,"relics_obtained":[{"floor":6,"key":"The Courier"},{"floor":9,"key":"HornCleat"},{"floor":12,"key":"Regal Pillow"}],"event_choices":[{"cards_removed":["Strike_G"],"damage_healed":0,"gold_gain":0,"player_choice":"Purged","damage_taken":0,"max_hp_gain":0,"max_hp_loss":0,"event_name":"Purifier","floor":10,"gold_loss":0},{"damage_healed":0,"gold_gain":0,"player_choice":"Read","damage_taken":0,"max_hp_gain":0,"max_hp_loss":0,"event_name":"The Library","floor":20,"gold_loss":0,"cards_obtained":["Footwork"]},{"damage_healed":0,"gold_gain":0,"player_choice":"Became a Ghost","damage_taken":0,"max_hp_gain":0,"max_hp_loss":33,"event_name":"Ghosts","floor":22,"gold_loss":0,"cards_obtained":["Ghostly","Ghostly","Ghostly"]}],"is_beta":false,"boss_relics":[{"not_picked":["Ring of the Serpent","Velvet Choker"],"picked":"Runic Dome"}],"items_purged_floors":[],"is_endless":false,"potions_floor_spawned":[1,4,5,12,16,21],"killed_by":"Gremlin Leader","ascension_level":20}