{"gold_per_floor":[218,229,229,241,261,261,291,291,291,306,306,331,346,357,357,357],"floor_reached":16,"playtime":759,"items_purged":[],"score":211,"play_id":"5ab82732-5104-47a6-ae5e-6c7e1894f038","local_time":"20230908214504","is_ascension_mode":true,"campfire_choices":[{"data":"Poisoned Stab","floor":6.0,"key":"SMITH"},{"data":"Finisher","floor":8.0,"key":"SMITH"},{"floor":15,"key":"REST"}],"neow_cost":"NONE","seed_source_timestamp":2665243851702800,"circlet_count":0,"master_deck":["AscendersBane","Strike_G","Strike_G","Strike_G","Strike_G","Strike_G","Defend_G","Defend_G","Defend_G+1","Defend_G","Defend_G","Survivor+1","Neutralize","Poisoned Stab+1","Calculated Gamble","PiercingWail","Finisher+1","Catalyst","Blur","Blur"],"special_seed":0,"relics":["Ring of the Snake","Turnip","Tough Bandages","Ginger"],"potions_floor_usage":[16],"damage_taken":[{"damage":1.0,"enemies":"2 Louse","floor":1.0,"turns":4.0},{"damage":2.0,"enemies":"Jaw Worm","floor":2.0,"turns":5.0},{"damage":0.0,"enemies":"Cultist","floor":4.0,"turns":4.0},{"damage":3.0,"enemies":"Lots of Slimes","floor":5.0,"turns":7.0},{"damage":9.0,"enemies":"Gremlin Nob","floor":7.0,"turns":4.0},{"damage":0.0,"enemies":"Looter","floor":10.0,"turns":3.0},{"damage":18.0,"enemies":"Lagavulin","floor":12.0,"turns":5.0},{"damage":0.0,"enemies":"2 Fungi Beasts","floor":13.0,"turns":3.0},{"damage":2.0,"enemies":"Exordium Wildlife","floor":14.0,"turns":5.0},{"damage":55,"enemies":"Slime Boss","floor":16,"turns":15}],"seed_played":"1142093069437331573","potions_obtained":[{"floor":5.0,"key":"SkillPotion"},{"floor":7.0,"key":"CunningPotion"},{"floor":10.0,"key":"FairyPotion"},{"floor":13.0,"key":"Dexterity Potion"}],"is_trial":false,"path_per_floor":["M","M","?","M","M","R","E","R","T","M","?","E","M","M","R","B"],"character_chosen":"THE_SILENT","items_purchased":[],"campfire_rested":1,"item_purchase_floors":[],"current_hp_per_floor":[58,56,36,36,33,33,24,24,24,24,24,6,6,4,23,0],"gold":357,"neow_bonus":"HUNDRED_GOLD","is_prod":false,"is_daily":false,"chose_seed":false,"campfire_upgraded":2,"win_rate":0,"timestamp":1694234704,"path_taken":["M","M","?","M","M","R","E","R","T","M","?","E","?","?","R","BOSS"],"build_version":"2022-12-18","purchased_purges":0,"victory":false,"max_hp_per_floor":[66,66,66,66,66,66,66,66,66,66,66,66,66,66,66,66],"card_choices":[{"not_picked":["Bane","Eviscerate"],"picked":"Poisoned Stab","floor":1.0},{"not_picked":["Heel Hook","Finisher"],"picked":"Calculated Gamble","floor":2.0},{"not_picked":["Distraction","Underhanded Strike"],"picked":"PiercingWail","floor":4.0},{"not_picked":["Eviscerate","Predator","Outmaneuver"],"picked":"SKIP","floor":5.0},{"not_picked":["Quick Slash","Underhanded Strike"],"picked":"Finisher","floor":7.0},{"not_picked":["PiercingWail","Flechettes"],"picked":"Catalyst","floor":10.0},{"not_picked":["Backflip","Setup"],"picked":"Blur","floor":12.0},{"not_picked":["Cloak And Dagger","Backflip"],"picked":"Blur","floor":13.0},{"not_picked":["Masterful Stab","Outmaneuver","Blade Dance"],"picked":"SKIP","floor":14.0}],"player_experience":514674,"relics_obtained":[{"floor":7.0,"key":"Turnip"},{"floor":9.0,"key":"Tough Bandages"},{"floor":12.0,"key":"Ginger"}],"event_choices":[{"damage_healed":0.0,"max_hp_gain":0.0,"max_hp_loss":0.0,"gold_gain":0.0,"event_name":"Shining Light","player_choice":"Entered Light","floor":3.0,"gold_loss":0.0,"damage_taken":20.0,"cards_upgraded":["Survivor","Defend_G"]},{"damage_healed":0.0,"max_hp_gain":0.0,"max_hp_loss":0.0,"gold_gain":0.0,"event_name":"Lab","player_choice":"Got Potions","floor":11.0,"gold_loss":0.0,"damage_taken":0.0}],"is_beta":false,"boss_relics":[],"items_purged_floors":[],"is_endless":false,"potions_floor_spawned":[5,7,10,13],"killed_by":"Slime Boss","ascension_level":17}