{"gold_per_floor":[363,363,363,115,134,134,169,169,193,193,193,213,227,240,240,240],"floor_reached":16,"playtime":618,"items_purged":["Doubt"],"score":185,"play_id":"9ac4f225-b35b-4164-94bb-9db036e3ba53","local_time":"20230908225742","is_ascension_mode":true,"campfire_choices":[{"data":"Neutralize","floor":6,"key":"SMITH"},{"floor":10,"key":"REST"},{"floor":15,"key":"REST"}],"neow_cost":"CURSE","seed_source_timestamp":2669738686186600,"circlet_count":0,"master_deck":["AscendersBane","Strike_G+1","Strike_G","Strike_G+1","Strike_G","Defend_G","Defend_G","Defend_G","Defend_G","Defend_G","Survivor","Neutralize+1","Footwork","Calculated Gamble","PiercingWail","Footwork","Poisoned Stab","Catalyst"],"special_seed":0,"relics":["Ring of the Snake","OrangePellets","Omamori","PreservedInsect","Lantern"],"potions_floor_usage":[7,13,16],"damage_taken":[{"damage":5,"enemies":"2 Louse","floor":1,"turns":5},{"damage":0,"enemies":"Small Slimes","floor":5,"turns":4},{"damage":13,"enemies":"3 Sentries","floor":7,"turns":10},{"damage":0,"enemies":"Cultist","floor":12,"turns":4},{"damage":9,"enemies":"Exordium Wildlife","floor":13,"turns":7},{"damage":0,"enemies":"2 Fungi Beasts","floor":14,"turns":5},{"damage":36,"enemies":"Slime Boss","floor":16,"turns":13}],"seed_played":"2054463187568239896","potions_obtained":[{"floor":5,"key":"AttackPotion"},{"floor":12,"key":"Poison Potion"},{"floor":14,"key":"LiquidBronze"}],"is_trial":false,"path_per_floor":["M","?","?","$","M","R","E","?","T","R","T","M","M","M","R","B"],"character_chosen":"THE_SILENT","items_purchased":["OrangePellets"],"campfire_rested":2,"item_purchase_floors":[4],"current_hp_per_floor":[54,34,34,34,34,34,21,21,21,40,40,40,31,31,50,14],"gold":240,"neow_bonus":"TWO_FIFTY_GOLD","is_prod":false,"is_daily":false,"chose_seed":false,"campfire_upgraded":1,"win_rate":0,"timestamp":1694239062,"path_taken":["M","?","?","$","M","R","E","?","T","R","?","M","M","M","R","BOSS"],"build_version":"2022-12-18","purchased_purges":1,"victory":false,"max_hp_per_floor":[66,66,66,66,66,66,66,66,66,66,66,66,66,66,66,66],"card_choices":[{"not_picked":["Predator","Tactician"],"picked":"Footwork","floor":1},{"not_picked":["Eviscerate","Predator"],"picked":"Calculated Gamble","floor":5},{"not_picked":["Well Laid Plans","Predator"],"picked":"PiercingWail","floor":7},{"not_picked":["Deflect","Sucker Punch"],"picked":"Footwork","floor":12},{"not_picked":["Reflex","Dagger Spray"],"picked":"Poisoned Stab","floor":13},{"not_picked":["All Out Attack","Masterful Stab"],"picked":"Catalyst","floor":14}],"player_experience":519068,"relics_obtained":[{"floor":7,"key":"Omamori"},{"floor":9,"key":"PreservedInsect"},{"floor":11,"key":"Lantern"}],"event_choices":[{"damage_healed":0,"gold_gain":0,"player_choice":"Entered Light","damage_taken":20,"max_hp_gain":0,"max_hp_loss":0,"event_name":"Shining Light","floor":2,"gold_loss":0,"cards_upgraded":["Strike_G","Strike_G"]},{"damage_healed":0,"gold_gain":0,"player_choice":"Ignored","damage_taken":0,"max_hp_gain":0,"max_hp_loss":0,"event_name":"Liars Game","floor":3,"gold_loss":0},{"cards_removed":["Strike_G"],"damage_healed":0,"gold_gain":0,"player_choice":"Forget","damage_taken":0,"max_hp_gain":0,"max_hp_loss":0,"event_name":"Living Wall","floor":8,"gold_loss":0}],"is_beta":false,"boss_relics":[],"items_purged_floors":[4],"is_endless":false,"potions_floor_spawned":[5,12,14],"killed_by":"Slime Boss","ascension_level":17}