{"gold_per_floor":[19,39,39,39,56,56,86,86,167,187,217,217,235,310,310,387,387,405,405,18,18,30,30],"floor_reached":23,"playtime":906,"items_purged":[],"score":369,"play_id":"29523b6a-5820-401d-8297-f75d7e1aabb0","local_time":"20230912004723","is_ascension_mode":true,"campfire_choices":[{"data":"Venomology","floor":6,"key":"SMITH"},{"data":"Quick Slash","floor":8,"key":"SMITH"},{"data":"Noxious Fumes","floor":12,"key":"SMITH"},{"floor":15,"key":"REST"}],"neow_cost":"NO_GOLD","seed_source_timestamp":172939895611900,"circlet_count":0,"master_deck":["AscendersBane","Strike_G+1","Strike_G","Strike_G","Defend_G","Defend_G","Defend_G","Defend_G","Defend_G","Survivor","Neutralize","Venomology+1","Quick Slash+1","Deadly Poison+1","Tactician","Noxious Fumes+1","Adrenaline","RitualDagger","Prepared+1","Footwork","Backflip+1"],"special_seed":0,"relics":["Ring of the Snake","Odd Mushroom","Ornamental Fan","Bag of Marbles","Empty Cage","Toxic Egg 2"],"potions_floor_usage":[2,7,7,11,11,11,16,16,18,18,18,18,22,23],"damage_taken":[{"damage":1,"enemies":"Cultist","floor":1,"turns":5},{"damage":2,"enemies":"Jaw Worm","floor":2,"turns":4},{"damage":2,"enemies":"2 Louse","floor":5,"turns":4},{"damage":2,"enemies":"The Mushroom Lair","floor":7,"turns":3},{"damage":4,"enemies":"Exordium Wildlife","floor":10,"turns":5},{"damage":5,"enemies":"Lagavulin","floor":11,"turns":5},{"damage":1,"enemies":"Large Slime","floor":13,"turns":6},{"damage":27,"enemies":"The Guardian","floor":16,"turns":10},{"damage":9,"enemies":"Shell Parasite","floor":18,"turns":5},{"damage":6,"enemies":"2 Thieves","floor":22,"turns":5},{"damage":34,"enemies":"Slavers","floor":23,"turns":2}],"seed_played":"-8930838670813488009","potions_obtained":[{"floor":1,"key":"Energy Potion"},{"floor":13,"key":"Strength Potion"}],"is_trial":false,"path_per_floor":["M","M","?","?","M","R","?","R","T","M","E","R","M","?","R","B",null,"M","?","$","?","M","E"],"character_chosen":"THE_SILENT","items_purchased":["Toxic Egg 2","Prepared+1","Footwork"],"campfire_rested":1,"item_purchase_floors":[20,20,20],"current_hp_per_floor":[58,56,56,36,34,34,32,32,32,28,23,23,22,11,30,3,50,41,35,35,35,29,0],"gold":30,"neow_bonus":"THREE_RARE_CARDS","is_prod":false,"is_daily":false,"chose_seed":false,"campfire_upgraded":3,"win_rate":0,"timestamp":1694504843,"path_taken":["M","M","?","?","M","R","?","R","T","?","E","R","M","?","R","BOSS","M","?","$","?","?","E"],"build_version":"2022-12-18","purchased_purges":0,"victory":false,"max_hp_per_floor":[66,66,66,66,66,66,66,66,66,66,66,66,66,66,66,66,66,66,66,66,66,66,66],"card_choices":[{"not_picked":["Tools of the Trade","Unload"],"picked":"Venomology","floor":0.0},{"not_picked":["Crippling Poison","Infinite Blades"],"picked":"Quick Slash","floor":1},{"not_picked":["Escape Plan","Leg Sweep"],"picked":"Deadly Poison","floor":2},{"not_picked":["Dagger Spray","Dodge and Roll","Accuracy"],"picked":"SKIP","floor":5},{"not_picked":["Setup","Quick Slash"],"picked":"Tactician","floor":10},{"not_picked":["Slice","Flying Knee"],"picked":"Noxious Fumes","floor":11},{"not_picked":["Sucker Punch","Deflect","Backstab"],"picked":"SKIP","floor":13},{"not_picked":["After Image","Tools of the Trade"],"picked":"Adrenaline","floor":16},{"not_picked":["Flechettes","Flying Knee","Slice+1"],"picked":"SKIP","floor":18},{"not_picked":["Dagger Spray+1","Predator"],"picked":"Backflip+1","floor":22}],"player_experience":559234,"relics_obtained":[{"floor":7,"key":"Odd Mushroom"},{"floor":9,"key":"Ornamental Fan"},{"floor":11,"key":"Bag of Marbles"}],"event_choices":[{"damage_healed":0,"gold_gain":0,"player_choice":"Ignored","damage_taken":0,"max_hp_gain":0,"max_hp_loss":0,"event_name":"Liars Game","floor":3,"gold_loss":0},{"damage_healed":0,"gold_gain":0,"player_choice":"Entered Light","damage_taken":20,"max_hp_gain":0,"max_hp_loss":0,"event_name":"Shining Light","floor":4,"gold_loss":0,"cards_upgraded":["Deadly Poison","Strike_G"]},{"damage_healed":0,"gold_gain":0,"player_choice":"Fought Mushrooms","damage_taken":0,"max_hp_gain":0,"max_hp_loss":0,"event_name":"Mushrooms","floor":7,"gold_loss":0},{"damage_healed":0,"gold_gain":75,"player_choice":"Gather Gold","damage_taken":11,"max_hp_gain":0,"max_hp_loss":0,"event_name":"World of Goop","floor":14,"gold_loss":0},{"damage_healed":0,"gold_gain":0,"player_choice":"Joined the Cult","damage_taken":6,"max_hp_gain":0,"max_hp_loss":0,"event_name":"Nest","floor":19,"gold_loss":0,"cards_obtained":["RitualDagger"]},{"damage_healed":0,"gold_gain":0,"player_choice":"Ignored","damage_taken":0,"max_hp_gain":0,"max_hp_loss":0,"event_name":"WeMeetAgain","floor":21,"gold_loss":0}],"is_beta":false,"boss_relics":[{"not_picked":["Sozu","Runic Pyramid"],"picked":"Empty Cage"}],"items_purged_floors":[],"is_endless":false,"potions_floor_spawned":[1,2,13],"killed_by":"Slavers","ascension_level":19}