{"gold_per_floor":[119,119,99,9,20,55,55,87,156,156,173,205,40,58,58,136,136,149,92,92,111,124,124,142,142,142,142,142,154,154,166,166,166],"floor_reached":33,"playtime":1449,"items_purged":["Strike_G"],"score":537,"play_id":"77b1c6a6-f9c7-40ba-8553-fb063b813b92","local_time":"20230908213144","is_ascension_mode":true,"campfire_choices":[{"data":"Dash","floor":7,"key":"SMITH"},{"data":"Neutralize","floor":10,"key":"SMITH"},{"data":"Quick Slash","floor":15,"key":"SMITH"},{"data":"Footwork","floor":23,"key":"SMITH"},{"data":"Cloak And Dagger","floor":25,"key":"SMITH"},{"data":"Cloak And Dagger","floor":27,"key":"SMITH"},{"data":"Terror","floor":30,"key":"SMITH"},{"data":"Blade Dance","floor":32,"key":"SMITH"}],"neow_cost":"NONE","seed_source_timestamp":2663766986836400,"circlet_count":0,"master_deck":["AscendersBane","Strike_G","Strike_G","Defend_G","Defend_G","Defend_G","Defend_G","Defend_G","Survivor","Neutralize+1","Footwork+1","Dash+1","Quick Slash+1","Backstab","Escape Plan","Dagger Throw","Terror+1","Prepared","Storm of Steel","Blade Dance+1","Cloak And Dagger+1","Cloak And Dagger+1","Adrenaline"],"relics":["Ring of the Snake","NeowsBlessing","Tiny Chest","Eternal Feather","Gremlin Horn","White Beast Statue","WristBlade","Calipers"],"potions_floor_usage":[3,14,16,29,31,33],"damage_taken":[{"damage":0,"enemies":"2 Louse","floor":1,"turns":1},{"damage":0,"enemies":"Small Slimes","floor":5,"turns":1},{"damage":0,"enemies":"3 Sentries","floor":6,"turns":2},{"damage":8,"enemies":"Lagavulin","floor":8,"turns":9},{"damage":0,"enemies":"Cultist","floor":11,"turns":3},{"damage":20,"enemies":"Gremlin Nob","floor":12,"turns":5},{"damage":3,"enemies":"Gremlin Gang","floor":14,"turns":4},{"damage":10,"enemies":"Hexaghost","floor":16,"turns":10},{"damage":7,"enemies":"Spheric Guardian","floor":18,"turns":4},{"damage":0,"enemies":"3 Byrds","floor":21,"turns":4},{"damage":15,"enemies":"Snake Plant","floor":22,"turns":6},{"damage":0,"enemies":"Centurion and Healer","floor":24,"turns":5},{"damage":7,"enemies":"Snecko","floor":29,"turns":4},{"damage":30,"enemies":"Snake Plant","floor":31,"turns":4},{"damage":53,"enemies":"Champ","floor":33,"turns":7}],"seed_played":"-2933039664335953718","potions_obtained":[{"floor":1,"key":"Explosive Potion"},{"floor":3,"key":"Fruit Juice"},{"floor":6,"key":"SpeedPotion"},{"floor":11,"key":"EssenceOfSteel"},{"floor":14,"key":"SkillPotion"},{"floor":16,"key":"Swift Potion"},{"floor":22,"key":"Strength Potion"},{"floor":29,"key":"ColorlessPotion"},{"floor":31,"key":"Ancient Potion"}],"is_trial":false,"path_per_floor":["M","?","?","$","M","E","R","E","T","R","M","E","$","M","R","B",null,"M","$","?","M","M","R","M","R","T","R","T","M","R","M","R","B"],"character_chosen":"THE_SILENT","items_purchased":["Dash","Terror","Blade Dance"],"campfire_rested":0,"item_purchase_floors":[4,13,19],"current_hp_per_floor":[59,52,57,57,57,57,57,49,49,58,58,38,38,35,44,34,62,55,55,55,55,40,52,52,64,64,71,71,64,71,41,53,0],"gold":166,"neow_bonus":"THREE_ENEMY_KILL","is_prod":false,"is_daily":false,"chose_seed":false,"campfire_upgraded":8,"win_rate":0,"timestamp":1694233904,"path_taken":["M","?","?","$","M","E","R","E","T","R","?","E","$","?","R","BOSS","M","$","?","M","M","R","M","R","T","R","?","M","R","M","R","BOSS"],"build_version":"2022-12-18","purchased_purges":1,"victory":false,"max_hp_per_floor":[66,66,71,71,71,71,71,71,71,71,71,71,71,71,71,71,71,71,71,71,71,71,71,71,71,71,71,71,71,71,71,71,71],"card_choices":[{"not_picked":["Leg Sweep","Backflip"],"picked":"Footwork","floor":1},{"not_picked":["Crippling Poison","Concentrate"],"picked":"Quick Slash","floor":5},{"not_picked":["Dagger Throw","Night Terror"],"picked":"Backstab","floor":6},{"not_picked":["Distraction","Outmaneuver","Quick Slash"],"picked":"SKIP","floor":8},{"not_picked":["Outmaneuver","Calculated Gamble"],"picked":"Escape Plan","floor":11},{"not_picked":["Cloak And Dagger","Leg Sweep"],"picked":"Dagger Throw","floor":12},{"not_picked":["Sucker Punch","Crippling Poison"],"picked":"Prepared","floor":14},{"not_picked":["Bullet Time","A Thousand Cuts"],"picked":"Storm of Steel","floor":16},{"not_picked":["Sucker Punch","Finisher","Bouncing Flask"],"picked":"SKIP","floor":18},{"not_picked":["Eviscerate","Dagger Spray"],"picked":"Cloak And Dagger","floor":21},{"not_picked":["Backflip","Sucker Punch"],"picked":"Cloak And Dagger","floor":22},{"not_picked":["Cloak And Dagger","Poisoned Stab+1","All Out Attack"],"picked":"SKIP","floor":24},{"not_picked":["Noxious Fumes","Dagger Spray","Choke"],"picked":"SKIP","floor":29},{"not_picked":["Flying Knee","PiercingWail"],"picked":"Adrenaline","floor":31}],"player_experience":513225,"relics_obtained":[{"floor":6,"key":"Tiny Chest"},{"floor":8,"key":"Eternal Feather"},{"floor":9,"key":"Gremlin Horn"},{"floor":12,"key":"White Beast Statue"},{"floor":26,"key":"Calipers"}],"event_choices":[{"cards_removed":["Strike_G"],"damage_healed":0,"gold_gain":0,"player_choice":"Card Removal","damage_taken":7,"max_hp_gain":0,"max_hp_loss":0,"event_name":"Golden Wing","floor":2,"gold_loss":0},{"damage_healed":0,"gold_gain":0,"player_choice":"Bought 1 Potion","damage_taken":0,"max_hp_gain":0,"max_hp_loss":0,"event_name":"The Woman in Blue","floor":3,"gold_loss":0},{"cards_removed":["Strike_G"],"damage_healed":0,"gold_gain":0,"player_choice":"Purged","damage_taken":0,"max_hp_gain":0,"max_hp_loss":0,"event_name":"Purifier","floor":20,"gold_loss":0}],"is_beta":false,"boss_relics":[{"not_picked":["HoveringKite","Runic Pyramid"],"picked":"WristBlade"}],"items_purged_floors":[13],"is_endless":false,"potions_floor_spawned":[1,6,11,14,16,18,21,22,24,29,31],"killed_by":"Champ","ascension_level":17}