{"gold_per_floor":[113,132,1,14,14,39,39,71,96,96,127,139,139,159,159,230,230,241,166,184,184,84,98,98,130,130,157,157,189,110,123,123,200,200,219,219,219,266,141,141,168,91,91,91,313,313,163,197,197,197,197],"floor_reached":52,"playtime":2067,"items_purged":["Strike_G","Strike_G+1","Strike_G+1","Strike_G+1"],"score":2020,"play_id":"8a8354a6-87a6-4a5b-8dc3-0d632a6de02e","local_time":"20230917000302","is_ascension_mode":true,"campfire_choices":[{"floor":7,"key":"REST"},{"data":"Accuracy","floor":10,"key":"SMITH"},{"data":"Backflip","floor":13,"key":"SMITH"},{"data":"Blade Dance","floor":15,"key":"SMITH"},{"data":"After Image","floor":24,"key":"SMITH"},{"data":"Doppelganger","floor":28,"key":"SMITH"},{"data":"Tools of the Trade","floor":32,"key":"SMITH"},{"data":"Wraith Form v2","floor":40,"key":"SMITH"},{"floor":49,"key":"REST"}],"neow_cost":"NONE","seed_source_timestamp":277123184797999,"circlet_count":0,"master_deck":["AscendersBane","Defend_G+1","Defend_G+1","Defend_G+1","Defend_G+1","Defend_G+1","Survivor","Neutralize","Backflip+1","Slice","Blade Dance","Accuracy+1","Noxious Fumes","Blade Dance+1","Blade Dance","Footwork","After Image+1","Cloak And Dagger","PiercingWail","Backflip","Doppelganger+1","Backflip+1","Accuracy","Tools of the Trade+1","Wraith Form v2+1","Doppelganger","Wraith Form v2+1"],"relics":["Ring of the Snake","Anchor","PreservedInsect","Toy Ornithopter","Vajra","Ancient Tea Set","WristBlade","Red Mask","Art of War","Juzu Bracelet","Lantern","Runic Dome","Regal Pillow","Happy Flower","Pocketwatch","Bag of Preparation","Ornamental Fan"],"potions_floor_usage":[6,8,8,50],"damage_taken":[{"damage":0,"enemies":"Small Slimes","floor":1,"turns":4},{"damage":3,"enemies":"Cultist","floor":2,"turns":6},{"damage":0,"enemies":"Jaw Worm","floor":4,"turns":4},{"damage":37,"enemies":"Gremlin Nob","floor":6,"turns":4},{"damage":12,"enemies":"Lagavulin","floor":8,"turns":6},{"damage":5,"enemies":"3 Sentries","floor":11,"turns":4},{"damage":2,"enemies":"Exordium Wildlife","floor":12,"turns":2},{"damage":0,"enemies":"Large Slime","floor":14,"turns":3},{"damage":7,"enemies":"Hexaghost","floor":16,"turns":8},{"damage":0,"enemies":"2 Thieves","floor":18,"turns":2},{"damage":0,"enemies":"Chosen","floor":20,"turns":2},{"damage":3,"enemies":"Shelled Parasite and Fungi","floor":23,"turns":4},{"damage":0,"enemies":"Masked Bandits","floor":25,"turns":3},{"damage":0,"enemies":"Gremlin Leader","floor":27,"turns":3},{"damage":0,"enemies":"Book of Stabbing","floor":29,"turns":3},{"damage":0,"enemies":"Snake Plant","floor":31,"turns":2},{"damage":17,"enemies":"Automaton","floor":33,"turns":7},{"damage":0,"enemies":"Orb Walker","floor":35,"turns":3},{"damage":19,"enemies":"Nemesis","floor":41,"turns":5},{"damage":0,"enemies":"Giant Head","floor":48,"turns":5},{"damage":8,"enemies":"Time Eater","floor":50,"turns":8},{"damage":21,"enemies":"Awakened One","floor":51,"turns":11}],"seed_played":"-2311435803984430119","potions_obtained":[{"floor":2,"key":"Poison Potion"},{"floor":4,"key":"Fire Potion"},{"floor":6,"key":"SkillPotion"},{"floor":12,"key":"AttackPotion"},{"floor":16,"key":"EssenceOfSteel"},{"floor":25,"key":"Strength Potion"},{"floor":33,"key":"CunningPotion"},{"floor":41,"key":"FairyPotion"}],"is_trial":false,"path_per_floor":["M","M","$","M","?","E","R","E","T","R","E","M","R","M","R","B",null,"M","$","M","?","$","M","R","?","T","E","R","E","$","M","R","B",null,"M","?","?","T","$","R","E","?","T","$","?","?","$","E","R","B","B",null],"character_chosen":"THE_SILENT","items_purchased":["Blade Dance","Accuracy","Accuracy"],"campfire_rested":2,"item_purchase_floors":[3,3,30],"current_hp_per_floor":[59,56,56,56,56,19,38,26,26,26,21,19,19,19,19,12,53,53,53,53,53,53,50,50,50,50,50,50,50,50,50,50,33,58,58,58,58,58,58,58,39,39,39,39,39,39,39,39,63,55,34],"gold":197,"neow_bonus":"RANDOM_COMMON_RELIC","is_prod":false,"is_daily":false,"chose_seed":false,"campfire_upgraded":7,"win_rate":0,"timestamp":1694934182,"path_taken":["M","M","$","M","?","E","R","E","T","R","E","M","R","?","R","BOSS","M","?","M","?","?","?","R","?","T","E","R","E","$","M","R","BOSS","M","?","?","?","$","R","E","?","T","?","?","?","$","E","R","BOSS","BOSS"],"build_version":"2022-12-18","purchased_purges":4,"victory":true,"max_hp_per_floor":[66,66,66,66,66,66,66,66,66,66,66,66,66,66,66,66,66,66,66,66,66,66,66,66,66,66,66,66,66,66,66,66,66,66,66,66,63,63,63,63,63,63,63,63,63,63,63,63,63,63,63],"card_choices":[{"not_picked":["Quick Slash","PiercingWail"],"picked":"Backflip","floor":1},{"not_picked":["Calculated Gamble","Choke"],"picked":"Slice","floor":2},{"not_picked":["Slice","Setup"],"picked":"Noxious Fumes","floor":4},{"not_picked":["Deflect","Outmaneuver"],"picked":"Blade Dance","floor":6},{"not_picked":["Slice","Skewer"],"picked":"Escape Plan","floor":8},{"not_picked":["Dodge and Roll","Dagger Throw","Bane"],"picked":"SKIP","floor":11},{"not_picked":["Outmaneuver","Eviscerate"],"picked":"Blade Dance","floor":12},{"not_picked":["Infinite Blades","Dagger Throw"],"picked":"Footwork","floor":14},{"not_picked":["Glass Knife","Unload"],"picked":"After Image","floor":16},{"not_picked":["Prepared","Deadly Poison"],"picked":"Cloak And Dagger","floor":18},{"not_picked":["Dagger Spray","Cloak And Dagger","Underhanded Strike"],"picked":"SKIP","floor":20},{"not_picked":["Sucker Punch","Outmaneuver"],"picked":"PiercingWail","floor":23},{"not_picked":["Poisoned Stab","Die Die Die"],"picked":"Backflip","floor":25},{"not_picked":["Underhanded Strike","PiercingWail"],"picked":"Doppelganger","floor":27},{"not_picked":["Dagger Spray","Poisoned Stab"],"picked":"Backflip+1","floor":29},{"not_picked":["Dagger Spray","Sucker Punch"],"picked":"Tools of the Trade","floor":31},{"not_picked":["A Thousand Cuts","Grand Finale"],"picked":"Wraith Form v2","floor":33},{"not_picked":["Acrobatics","Deflect","Poisoned Stab"],"picked":"SKIP","floor":35},{"not_picked":["Dagger Throw","Poisoned Stab+1"],"picked":"Doppelganger","floor":41},{"not_picked":["Tactician","Underhanded Strike","Distraction"],"picked":"SKIP","floor":48}],"player_experience":619980,"relics_obtained":[{"floor":6,"key":"PreservedInsect"},{"floor":8,"key":"Toy Ornithopter"},{"floor":9,"key":"Vajra"},{"floor":11,"key":"Ancient Tea Set"},{"floor":25,"key":"Red Mask"},{"floor":26,"key":"Art of War"},{"floor":27,"key":"Juzu Bracelet"},{"floor":29,"key":"Lantern"},{"floor":38,"key":"Regal Pillow"},{"floor":41,"key":"Happy Flower"},{"floor":43,"key":"Bag of Preparation"},{"floor":48,"key":"Ornamental Fan"}],"event_choices":[{"cards_removed":["Strike_G"],"damage_healed":0,"gold_gain":0,"player_choice":"Purged","damage_taken":0,"max_hp_gain":0,"max_hp_loss":0,"event_name":"Purifier","floor":5,"gold_loss":0},{"damage_healed":0,"gold_gain":0,"player_choice":"Simplicity","damage_taken":0,"max_hp_gain":0,"max_hp_loss":0,"event_name":"Back to Basics","floor":21,"gold_loss":0,"cards_upgraded":["Strike_G","Strike_G","Strike_G","Defend_G","Defend_G","Defend_G","Defend_G","Defend_G"]},{"damage_healed":0,"gold_gain":0,"player_choice":"Fought Bandits","damage_taken":0,"max_hp_gain":0,"max_hp_loss":0,"event_name":"Masked Bandits","floor":25,"gold_loss":0},{"cards_removed":["Escape Plan"],"damage_healed":0,"gold_gain":0,"player_choice":"Removed Skill","damage_taken":0,"max_hp_gain":0,"max_hp_loss":0,"event_name":"Falling","floor":36,"gold_loss":0},{"damage_healed":0,"gold_gain":0,"player_choice":"Max HP","damage_taken":0,"max_hp_gain":0,"max_hp_loss":3,"event_name":"Winding Halls","floor":37,"gold_loss":0},{"damage_healed":0,"gold_gain":0,"player_choice":"Paid Gold","damage_taken":0,"relics_obtained":["Pocketwatch"],"max_hp_gain":0,"max_hp_loss":0,"event_name":"WeMeetAgain","floor":42,"gold_loss":77},{"damage_healed":0,"gold_gain":222,"player_choice":"Wore Mask","damage_taken":0,"max_hp_gain":0,"max_hp_loss":0,"event_name":"Tomb of Lord Red Mask","floor":45,"gold_loss":0},{"damage_healed":0,"gold_gain":0,"player_choice":"Copied","damage_taken":0,"max_hp_gain":0,"max_hp_loss":0,"event_name":"Duplicator","floor":46,"gold_loss":0,"cards_obtained":["Wraith Form v2"]}],"is_beta":false,"boss_relics":[{"not_picked":["Calling Bell","Fusion Hammer"],"picked":"WristBlade"},{"not_picked":["Runic Pyramid","Pandora\u0027s Box"],"picked":"Runic Dome"}],"items_purged_floors":[19,22,39,47],"is_endless":false,"potions_floor_spawned":[2,4,6,12,16,23,25,29,33,41],"ascension_level":20}