{"gold_per_floor":[112,127,127,73,73,73,94,94,94,135,135,166,166,179,179,268,268,288,288,304,304,317,317,341,341,365,401,401,442,125,144,144,238,238,262,262,104,124,457,457,477,492,540,540,362,362,395,395,395,395],"floor_reached":51,"playtime":2454,"items_purged":["Strike_G+1","Flying Knee"],"score":1555,"play_id":"c76e7d7b-579b-49b0-87b5-e21a18a31e45","local_time":"20230912012859","is_ascension_mode":true,"campfire_choices":[{"data":"Venomology","floor":6,"key":"SMITH"},{"data":"Blade Dance","floor":8,"key":"SMITH"},{"floor":11,"key":"REST"},{"data":"Finisher","floor":15,"key":"SMITH"},{"data":"Choke","floor":23,"key":"SMITH"},{"data":"Prepared","floor":28,"key":"SMITH"},{"data":"Cloak And Dagger","floor":32,"key":"SMITH"},{"data":"Thinking Ahead","floor":40,"key":"SMITH"},{"data":"Apotheosis","floor":46,"key":"SMITH"},{"data":"Footwork","floor":49,"key":"SMITH"}],"neow_cost":"NONE","seed_source_timestamp":173881537166000,"circlet_count":0,"master_deck":["AscendersBane","Strike_G+1","Strike_G+1","Strike_G+1","Strike_G+1","Defend_G+1","Defend_G+1","Defend_G+1","Defend_G+1","Defend_G+1","Survivor","Neutralize","Venomology+1","Footwork","Blade Dance+1","Backstab","Prepared","Adrenaline","Finisher+1","Adrenaline","Choke+1","Prepared+1","Predator","Blade Dance","Well Laid Plans","Thinking Ahead+1","Footwork+1","Cloak And Dagger+1","Finisher+1","Adrenaline","Backflip","Predator","PiercingWail","Apotheosis+1","PiercingWail"],"special_seed":0,"relics":["Ring of the Snake","Dream Catcher","Tingsha","Vajra","The Specimen","GremlinMask","Philosopher\u0027s Stone","Eternal Feather","Bag of Marbles","StrikeDummy","Ancient Tea Set","HoveringKite","Orichalcum","Question Card","Paper Crane"],"potions_floor_usage":[7,10,10,10,16,16,16,20,24,27,27,29,33,33,38,41,42,47,50,50,50],"damage_taken":[{"damage":0,"enemies":"Jaw Worm","floor":1,"turns":7},{"damage":0,"enemies":"Cultist","floor":2,"turns":5},{"damage":2,"enemies":"Small Slimes","floor":7,"turns":3},{"damage":15,"enemies":"Gremlin Nob","floor":10,"turns":4},{"damage":23,"enemies":"Lagavulin","floor":12,"turns":9},{"damage":1,"enemies":"Exordium Thugs","floor":14,"turns":4},{"damage":8,"enemies":"Hexaghost","floor":16,"turns":10},{"damage":14,"enemies":"Shell Parasite","floor":18,"turns":4},{"damage":1,"enemies":"Chosen","floor":20,"turns":3},{"damage":0,"enemies":"Snecko","floor":22,"turns":3},{"damage":0,"enemies":"Cultist and Chosen","floor":24,"turns":4},{"damage":0,"enemies":"Book of Stabbing","floor":27,"turns":3},{"damage":10,"enemies":"Slavers","floor":29,"turns":4},{"damage":18,"enemies":"Snake Plant","floor":31,"turns":2},{"damage":37,"enemies":"Champ","floor":33,"turns":8},{"damage":15,"enemies":"3 Darklings","floor":35,"turns":5},{"damage":0,"enemies":"Orb Walker","floor":38,"turns":2},{"damage":21,"enemies":"Writhing Mass","floor":41,"turns":4},{"damage":6,"enemies":"4 Shapes","floor":42,"turns":10},{"damage":0,"enemies":"Giant Head","floor":47,"turns":4},{"damage":53,"enemies":"Donu and Deca","floor":50,"turns":12}],"seed_played":"-4694833355995286196","potions_obtained":[{"floor":2,"key":"PowerPotion"},{"floor":12,"key":"GamblersBrew"},{"floor":14,"key":"GhostInAJar"},{"floor":18,"key":"Block Potion"},{"floor":27,"key":"Weak Potion"},{"floor":38,"key":"DistilledChaos"},{"floor":42,"key":"Poison Potion"},{"floor":47,"key":"DuplicationPotion"}],"is_trial":false,"path_per_floor":["M","M","?","$","?","R","M","R","T","E","R","E","?","M","R","B",null,"M","?","M","?","M","R","M","T","T","E","R","E","$","M","R","B",null,"M","?","$","M","?","R","M","M","T","?","$","R","E","T","R","B",null],"character_chosen":"THE_SILENT","items_purchased":["Blade Dance","Thinking Ahead","Footwork","Cloak And Dagger","Predator","PowerPotion","PiercingWail"],"campfire_rested":1,"item_purchase_floors":[4,30,30,30,37,45,45],"current_hp_per_floor":[59,59,59,59,41,41,39,39,39,24,42,19,19,18,18,10,48,34,34,33,60,60,60,60,60,60,60,60,50,50,32,50,13,48,33,33,33,33,33,51,30,24,24,24,24,45,45,45,60,7],"gold":395,"neow_bonus":"ONE_RANDOM_RARE_CARD","is_prod":false,"is_daily":false,"chose_seed":false,"campfire_upgraded":9,"win_rate":0,"timestamp":1694507339,"path_taken":["M","M","?","$","?","R","M","R","T","E","R","E","?","?","R","BOSS","M","?","M","?","?","R","M","?","T","E","R","E","$","M","R","BOSS","M","?","$","M","?","R","M","M","T","?","$","R","E","?","R","BOSS"],"build_version":"2022-12-18","purchased_purges":2,"victory":true,"max_hp_per_floor":[66,66,60,60,60,60,60,60,60,60,60,60,60,60,60,60,60,60,60,60,60,60,60,60,60,60,60,60,60,60,60,60,60,60,60,60,60,60,60,60,60,60,60,60,60,60,60,60,60,60],"card_choices":[{"not_picked":["Sucker Punch","Dodge and Roll"],"picked":"Flying Knee","floor":1},{"not_picked":["Crippling Poison","Dagger Spray"],"picked":"Footwork","floor":2},{"not_picked":["Dagger Throw","Sucker Punch"],"picked":"Backstab","floor":7},{"not_picked":["Outmaneuver","Backstab","Reflex"],"picked":"SKIP","floor":10},{"not_picked":["Backflip","Dagger Throw"],"picked":"Prepared","floor":11},{"not_picked":["Accuracy","Dagger Spray"],"picked":"Adrenaline","floor":12},{"not_picked":["Eviscerate","Poisoned Stab"],"picked":"Finisher","floor":14},{"not_picked":["Night Terror","Venomology"],"picked":"Adrenaline","floor":16},{"not_picked":["Poisoned Stab","Underhanded Strike"],"picked":"Choke","floor":18},{"not_picked":["Distraction","Deflect+1"],"picked":"Prepared","floor":20},{"not_picked":["Flying Knee","Bane"],"picked":"Predator","floor":22},{"not_picked":["Masterful Stab+1","Backstab","Dagger Spray"],"picked":"SKIP","floor":24},{"not_picked":["Infinite Blades","Die Die Die"],"picked":"Blade Dance","floor":27},{"not_picked":["Dagger Throw","Flechettes"],"picked":"Well Laid Plans","floor":29},{"not_picked":["Cloak And Dagger","PiercingWail"],"picked":"Finisher+1","floor":31},{"not_picked":["Wraith Form v2","Grand Finale"],"picked":"Adrenaline","floor":33},{"not_picked":["Cloak And Dagger+1","Noxious Fumes"],"picked":"Backflip","floor":35},{"not_picked":["Slice","Noxious Fumes+1"],"picked":"PiercingWail","floor":38},{"not_picked":["Concentrate","Flying Knee","Dodge and Roll"],"picked":"SKIP","floor":41},{"not_picked":["Flechettes","PiercingWail","Endless Agony+1"],"picked":"SKIP","floor":42},{"not_picked":["Deep Breath","PanicButton"],"picked":"Apotheosis","floor":44},{"not_picked":["Dash","Outmaneuver","Flying Knee"],"picked":"SKIP","floor":47}],"player_experience":560140,"relics_obtained":[{"floor":9,"key":"Tingsha"},{"floor":10,"key":"Vajra"},{"floor":12,"key":"The Specimen"},{"floor":25,"key":"Eternal Feather"},{"floor":26,"key":"Bag of Marbles"},{"floor":27,"key":"StrikeDummy"},{"floor":29,"key":"Ancient Tea Set"},{"floor":43,"key":"Orichalcum"},{"floor":47,"key":"Question Card"},{"floor":48,"key":"Paper Crane"}],"event_choices":[{"damage_healed":0,"gold_gain":0,"player_choice":"Lose Max HP","damage_taken":0,"relics_obtained":["Golden Idol"],"max_hp_gain":0,"max_hp_loss":6,"event_name":"Golden Idol","floor":3,"gold_loss":0},{"damage_healed":0,"gold_gain":0,"player_choice":"Success","damage_taken":18,"relics_obtained":["Dream Catcher"],"max_hp_gain":0,"max_hp_loss":0,"event_name":"Scrap Ooze","floor":5,"gold_loss":0},{"damage_healed":0,"gold_gain":0,"player_choice":"Trade","damage_taken":0,"relics_obtained":["GremlinMask"],"max_hp_gain":0,"max_hp_loss":0,"event_name":"FaceTrader","floor":13,"gold_loss":0},{"damage_healed":0,"gold_gain":0,"player_choice":"Simplicity","damage_taken":0,"max_hp_gain":0,"max_hp_loss":0,"event_name":"Back to Basics","floor":19,"gold_loss":0,"cards_upgraded":["Strike_G","Strike_G","Strike_G","Strike_G","Strike_G","Defend_G","Defend_G","Defend_G","Defend_G","Defend_G"]},{"damage_healed":27,"gold_gain":0,"player_choice":"Full Heal","damage_taken":0,"max_hp_gain":0,"max_hp_loss":0,"event_name":"Wheel of Change","floor":21,"gold_loss":0},{"damage_healed":0,"gold_gain":0,"player_choice":"Ignored","damage_taken":0,"max_hp_gain":0,"max_hp_loss":0,"event_name":"Tomb of Lord Red Mask","floor":36,"gold_loss":0},{"damage_healed":0,"gold_gain":333,"player_choice":"Gave Idol","damage_taken":0,"max_hp_gain":0,"max_hp_loss":0,"event_name":"The Moai Head","floor":39,"relics_lost":["Golden Idol"],"gold_loss":0},{"damage_healed":0,"gold_gain":0,"player_choice":"Memory 1","damage_taken":0,"max_hp_gain":0,"max_hp_loss":0,"event_name":"SensoryStone","floor":44,"gold_loss":0}],"is_beta":false,"boss_relics":[{"not_picked":["SlaversCollar","Black Star"],"picked":"Philosopher\u0027s Stone"},{"not_picked":["Calling Bell","Cursed Key"],"picked":"HoveringKite"}],"items_purged_floors":[37,45],"is_endless":false,"potions_floor_spawned":[2,12,14,18,22,27,38,42,47],"ascension_level":19}