{"gold_per_floor":[219,237,237,97,115,141,40,40,117,145,145,162,162,197,197,276,276,287,287,298,318,130,163,163,163],"floor_reached":25,"playtime":1176,"items_purged":["Strike_G","Strike_G"],"score":454,"play_id":"77e10d0e-f87b-47ee-bdfb-5b3705303ed6","local_time":"20230911115153","is_ascension_mode":true,"campfire_choices":[{"data":"Noxious Fumes","floor":8,"key":"SMITH"},{"data":"After Image","floor":11,"key":"SMITH"},{"floor":13,"key":"REST"},{"floor":15,"key":"REST"},{"floor":24,"key":"REST"}],"neow_cost":"NONE","seed_source_timestamp":126165402064500,"circlet_count":0,"master_deck":["AscendersBane","Strike_G","Strike_G","Strike_G","Defend_G","Defend_G","Defend_G","Defend_G","Defend_G","Survivor","Neutralize","Bane+1","Predator","Poisoned Stab","Noxious Fumes+1","Dagger Throw","Calculated Gamble","PiercingWail","After Image+1","Blur","Corpse Explosion","Footwork","Deflect","Footwork"],"relics":["Ring of the Snake","Snake Skull","Sundial","Anchor","Girya","Cursed Key","Letter Opener"],"potions_floor_usage":[6,6,14,23,25],"damage_taken":[{"damage":2,"enemies":"Jaw Worm","floor":1,"turns":8},{"damage":1,"enemies":"Cultist","floor":2,"turns":5},{"damage":0,"enemies":"2 Louse","floor":5,"turns":3},{"damage":6,"enemies":"Gremlin Nob","floor":6,"turns":3},{"damage":27,"enemies":"Lagavulin","floor":10,"turns":8},{"damage":0,"enemies":"Blue Slaver","floor":12,"turns":3},{"damage":26,"enemies":"Gremlin Nob","floor":14,"turns":5},{"damage":11,"enemies":"Hexaghost","floor":16,"turns":8},{"damage":10,"enemies":"2 Thieves","floor":18,"turns":4},{"damage":2,"enemies":"Shell Parasite","floor":20,"turns":5},{"damage":15,"enemies":"Snake Plant","floor":21,"turns":6},{"damage":7,"enemies":"Book of Stabbing","floor":23,"turns":7},{"damage":50,"enemies":"Gremlin Leader","floor":25,"turns":4}],"seed_played":"-5541052877764535712","potions_obtained":[{"floor":2,"key":"AttackPotion"},{"floor":5,"key":"PowerPotion"},{"floor":12,"key":"Ancient Potion"},{"floor":16,"key":"LiquidBronze"},{"floor":18,"key":"EssenceOfSteel"},{"floor":21,"key":"Block Potion"},{"floor":23,"key":"Ancient Potion"}],"is_trial":false,"path_per_floor":["M","M","?","$","M","E","$","R","T","E","R","M","R","E","R","B",null,"M","?","M","M","$","E","R","E"],"character_chosen":"THE_SILENT","items_purchased":["Poisoned Stab","Noxious Fumes","PiercingWail","Footwork"],"campfire_rested":3,"item_purchase_floors":[4,4,7,22],"current_hp_per_floor":[57,56,56,56,56,50,50,50,50,23,23,23,42,16,35,24,56,46,46,44,29,29,22,41,0],"gold":163,"neow_bonus":"HUNDRED_GOLD","is_prod":false,"is_daily":false,"chose_seed":false,"campfire_upgraded":2,"win_rate":0,"timestamp":1694458313,"path_taken":["M","M","?","$","?","E","$","R","T","E","R","M","R","E","R","BOSS","M","?","M","M","$","E","R","E"],"build_version":"2022-12-18","purchased_purges":2,"victory":false,"max_hp_per_floor":[66,66,66,66,66,66,66,66,66,66,66,66,66,66,66,66,66,66,66,66,66,66,66,66,66],"card_choices":[{"not_picked":["Acrobatics","Calculated Gamble"],"picked":"Bane","floor":1},{"not_picked":["Leg Sweep","Cloak And Dagger"],"picked":"Predator","floor":2},{"not_picked":["Deflect","A Thousand Cuts"],"picked":"Dagger Throw","floor":5},{"not_picked":["Crippling Poison","Quick Slash"],"picked":"Calculated Gamble","floor":6},{"not_picked":["Sucker Punch","Underhanded Strike"],"picked":"After Image","floor":10},{"not_picked":["Bouncing Flask","Flying Knee"],"picked":"Blur","floor":12},{"not_picked":["Choke","Bullet Time","Flying Knee"],"picked":"SKIP","floor":14},{"not_picked":["Doppelganger","Phantasmal Killer"],"picked":"Corpse Explosion","floor":16},{"not_picked":["Poisoned Stab","Backstab+1"],"picked":"Footwork","floor":18},{"not_picked":["Cloak And Dagger","Slice"],"picked":"Deflect","floor":20},{"not_picked":["Infinite Blades","Flying Knee","Dagger Spray"],"picked":"SKIP","floor":21},{"not_picked":["Infinite Blades","Riddle With Holes","Cloak And Dagger"],"picked":"SKIP","floor":23}],"player_experience":548729,"relics_obtained":[{"floor":6,"key":"Snake Skull"},{"floor":9,"key":"Sundial"},{"floor":10,"key":"Anchor"},{"floor":14,"key":"Girya"},{"floor":23,"key":"Letter Opener"}],"event_choices":[{"damage_healed":0,"gold_gain":0,"player_choice":"Forge","damage_taken":0,"max_hp_gain":0,"max_hp_loss":0,"event_name":"Accursed Blacksmith","floor":3,"gold_loss":0,"cards_upgraded":["Bane"]},{"damage_healed":0,"gold_gain":0,"player_choice":"Ignored","damage_taken":0,"max_hp_gain":0,"max_hp_loss":0,"event_name":"The Mausoleum","floor":19,"gold_loss":0}],"is_beta":false,"boss_relics":[{"not_picked":["Astrolabe","Ring of the Serpent"],"picked":"Cursed Key"}],"items_purged_floors":[7,22],"is_endless":false,"potions_floor_spawned":[2,5,12,16,18,21,23],"killed_by":"Gremlin Leader","ascension_level":18}