{"gold_per_floor":[118,136,149,50,125,125,50,61,61,95,111,111,111,111,111,183,183,199,50,50,50,65,65,80,80,106,119,19,19],"floor_reached":29,"playtime":987,"items_purged":["Strike_G","Strike_G"],"score":416,"play_id":"b33454c0-b3f0-4ab8-a2fe-de6bcc7efe74","local_time":"20230908223314","is_ascension_mode":true,"campfire_choices":[{"floor":6.0,"key":"REST"},{"data":"Deadly Poison","floor":12.0,"key":"SMITH"},{"floor":15.0,"key":"REST"},{"data":"Bandage Up","floor":23.0,"key":"SMITH"},{"data":"Footwork","floor":25,"key":"SMITH"}],"neow_cost":"CURSE","seed_source_timestamp":2667886801911200,"circlet_count":0,"master_deck":["AscendersBane","Strike_G","Strike_G","Strike_G","Defend_G","Defend_G","Defend_G","Defend_G","Defend_G","Survivor","Neutralize","Dagger Spray","Prepared","Calculated Gamble","Bandage Up+1","Deadly Poison+1","Poisoned Stab+1","Glass Knife","Blade Dance+1","Accuracy","Blade Dance+1","Finisher","Footwork+1"],"special_seed":0,"relics":["Ring of the Snake","TungstenRod","Shuriken","Blood Vial","Philosopher\u0027s Stone","Toy Ornithopter"],"potions_floor_usage":[29,29],"damage_taken":[{"damage":11.0,"enemies":"Cultist","floor":1.0,"turns":6.0},{"damage":31.0,"enemies":"Jaw Worm","floor":2.0,"turns":8.0},{"damage":3.0,"enemies":"2 Louse","floor":3.0,"turns":4.0},{"damage":5.0,"enemies":"Red Slaver","floor":8.0,"turns":5.0},{"damage":13.0,"enemies":"Gremlin Nob","floor":10.0,"turns":4.0},{"damage":7.0,"enemies":"Looter","floor":11.0,"turns":3.0},{"damage":0.0,"enemies":"Gremlin Gang","floor":14.0,"turns":1.0},{"damage":29.0,"enemies":"Slime Boss","floor":16.0,"turns":8.0},{"damage":37.0,"enemies":"Spheric Guardian","floor":18.0,"turns":6.0},{"damage":0.0,"enemies":"Chosen","floor":22.0,"turns":3.0},{"damage":9,"enemies":"3 Cultists","floor":24,"turns":5},{"damage":13,"enemies":"Snecko","floor":27,"turns":3},{"damage":40,"enemies":"Shelled Parasite and Fungi","floor":29,"turns":3}],"seed_played":"1085417248588130083","potions_obtained":[{"floor":2.0,"key":"FearPotion"},{"floor":8.0,"key":"Energy Potion"},{"floor":10.0,"key":"SmokeBomb"},{"floor":11.0,"key":"LiquidMemories"},{"floor":18.0,"key":"SpeedPotion"},{"floor":27,"key":"SpeedPotion"}],"is_trial":false,"path_per_floor":["M","M","M","$","?","R","?","M","T","E","M","R","?","M","R","B",null,"M","$","?","$","M","R","M","R","T","M","$","M"],"character_chosen":"THE_SILENT","items_purchased":["Bandage Up","Accuracy"],"campfire_rested":2,"item_purchase_floors":[4,19],"current_hp_per_floor":[48,17,14,14,4,23,23,22,22,13,12,12,12,14,33,10,52,21,21,21,21,27,27,26,26,26,21,21,0],"gold":19,"neow_bonus":"ONE_RARE_RELIC","is_prod":false,"is_daily":false,"chose_seed":false,"campfire_upgraded":3,"win_rate":0,"timestamp":1694237594,"path_taken":["M","M","?","$","?","R","?","M","T","E","M","R","?","?","R","BOSS","M","$","?","$","M","R","M","R","T","M","$","M"],"build_version":"2022-12-18","purchased_purges":2,"victory":false,"max_hp_per_floor":[66,66,66,66,66,66,66,66,66,66,66,66,66,66,66,66,66,66,66,66,66,66,66,66,66,66,66,66,66],"card_choices":[{"not_picked":["Finisher","Quick Slash"],"picked":"Dagger Spray","floor":1.0},{"not_picked":["Sucker Punch","Heel Hook"],"picked":"Prepared","floor":2.0},{"not_picked":["Reflex","Outmaneuver"],"picked":"Calculated Gamble","floor":3.0},{"not_picked":["Outmaneuver","Dodge and Roll"],"picked":"Deadly Poison","floor":8.0},{"not_picked":["Eviscerate","Slice","Heel Hook"],"picked":"SKIP","floor":10.0},{"not_picked":["Eviscerate","Sucker Punch"],"picked":"Poisoned Stab","floor":11.0},{"not_picked":["Phantasmal Killer","Unload"],"picked":"Glass Knife","floor":16.0},{"not_picked":["Blur","Sucker Punch"],"picked":"Blade Dance+1","floor":18.0},{"not_picked":["PiercingWail","Dodge and Roll"],"picked":"Finisher","floor":22.0},{"not_picked":["Prepared+1","Dodge and Roll"],"picked":"Footwork","floor":24},{"not_picked":["Sucker Punch","Backstab","Blur"],"picked":"SKIP","floor":27}],"player_experience":517274,"relics_obtained":[{"floor":9.0,"key":"Shuriken"},{"floor":10.0,"key":"Blood Vial"},{"floor":26,"key":"Toy Ornithopter"}],"event_choices":[{"damage_healed":0.0,"max_hp_gain":0.0,"max_hp_loss":0.0,"gold_gain":75.0,"event_name":"World of Goop","player_choice":"Gather Gold","floor":5.0,"gold_loss":0.0,"damage_taken":11.0},{"cards_removed":["Doubt"],"damage_healed":0.0,"max_hp_gain":0.0,"max_hp_loss":0.0,"gold_gain":0.0,"event_name":"The Cleric","player_choice":"Card Removal","floor":7.0,"gold_loss":75.0,"damage_taken":0.0},{"damage_healed":0.0,"max_hp_gain":0.0,"max_hp_loss":0.0,"gold_gain":0.0,"event_name":"Upgrade Shrine","player_choice":"Upgraded","floor":13.0,"gold_loss":0.0,"damage_taken":0.0,"cards_upgraded":["Poisoned Stab"]},{"damage_healed":0.0,"max_hp_gain":0.0,"max_hp_loss":0.0,"gold_gain":0.0,"event_name":"Duplicator","player_choice":"Copied","floor":20.0,"gold_loss":0.0,"damage_taken":0.0,"cards_obtained":["Blade Dance"]}],"is_beta":false,"boss_relics":[{"not_picked":["Astrolabe","Runic Pyramid"],"picked":"Philosopher\u0027s Stone"}],"items_purged_floors":[19,28],"is_endless":false,"potions_floor_spawned":[2,8,10,11,18,27],"killed_by":"Shelled Parasite and Fungi","ascension_level":17}