{"gold_per_floor":[118,134,145,55,55,55,55,73,73,73,87,120,30,30,30,107,107,124,124,139,62,76,76,76],"floor_reached":24,"playtime":807,"items_purged":[],"score":363,"play_id":"12c08d5f-45a1-4065-9b87-4e3cb6ad3296","local_time":"20230908224651","is_ascension_mode":true,"campfire_choices":[{"data":"Deadly Poison","floor":6,"key":"SMITH"},{"data":"Footwork","floor":10,"key":"SMITH"},{"floor":15,"key":"REST"},{"data":"Noxious Fumes","floor":23,"key":"SMITH"}],"neow_cost":"PERCENT_DAMAGE","seed_source_timestamp":2668918665539800,"circlet_count":0,"master_deck":["AscendersBane","Strike_G","Strike_G","Strike_G","Strike_G","Strike_G","Defend_G","Defend_G","Defend_G","Defend_G","Defend_G","Survivor","Neutralize","Deadly Poison+1","Bane+1","Footwork+1","Dagger Spray","Footwork+1","Prepared","Noxious Fumes+1","Deflect"],"relics":["Ring of the Snake","Boot","HornCleat","Busted Crown"],"potions_floor_usage":[8,16],"damage_taken":[{"damage":1,"enemies":"Small Slimes","floor":1,"turns":5},{"damage":1,"enemies":"2 Louse","floor":2,"turns":3},{"damage":6,"enemies":"Cultist","floor":3,"turns":4},{"damage":0,"enemies":"Blue Slaver","floor":8,"turns":3},{"damage":3,"enemies":"2 Fungi Beasts","floor":11,"turns":5},{"damage":32,"enemies":"3 Sentries","floor":12,"turns":7},{"damage":29,"enemies":"Slime Boss","floor":16,"turns":10},{"damage":14,"enemies":"Spheric Guardian","floor":18,"turns":7},{"damage":1,"enemies":"3 Byrds","floor":20,"turns":5},{"damage":26,"enemies":"Cultist and Chosen","floor":22,"turns":8},{"damage":20,"enemies":"Chosen and Byrds","floor":24,"turns":4}],"seed_played":"-1021623233698511661","potions_obtained":[{"floor":3,"key":"SkillPotion"},{"floor":12,"key":"Fire Potion"},{"floor":18,"key":"Strength Potion"}],"is_trial":false,"path_per_floor":["M","M","M","$","?","R","?","M","T","R","M","E","$","?","R","B",null,"M","?","M","$","M","R","M"],"character_chosen":"THE_SILENT","items_purchased":["Footwork","Footwork","Noxious Fumes"],"campfire_rested":1,"item_purchase_floors":[4,13,21],"current_hp_per_floor":[55,54,48,48,48,48,48,48,48,48,45,13,13,13,36,7,60,46,46,45,45,19,19,0],"gold":76,"neow_bonus":"TWENTY_PERCENT_HP_BONUS","is_prod":false,"is_daily":false,"chose_seed":false,"campfire_upgraded":3,"win_rate":0,"timestamp":1694238411,"path_taken":["M","M","M","$","?","R","?","M","T","R","?","E","$","?","R","BOSS","M","?","?","$","M","R","M"],"build_version":"2022-12-18","purchased_purges":0,"victory":false,"max_hp_per_floor":[78,78,78,78,78,78,78,78,78,78,78,78,78,78,78,78,78,78,78,78,78,78,78,78],"card_choices":[{"not_picked":["Acrobatics","Reflex"],"picked":"Deadly Poison","floor":1},{"not_picked":["Bouncing Flask","Cloak And Dagger"],"picked":"Bane","floor":2},{"not_picked":["Reflex","Sucker Punch","Skewer"],"picked":"SKIP","floor":3},{"not_picked":["Endless Agony","Dagger Throw","Riddle With Holes"],"picked":"SKIP","floor":8},{"not_picked":["Masterful Stab","Prepared"],"picked":"Dagger Spray","floor":11},{"not_picked":["Dagger Spray","Setup","Expertise"],"picked":"SKIP","floor":12},{"not_picked":["Caltrops"],"picked":"SKIP","floor":18},{"not_picked":[],"picked":"Prepared","floor":20},{"not_picked":[],"picked":"Deflect","floor":22}],"player_experience":518261,"relics_obtained":[{"floor":9,"key":"Boot"},{"floor":12,"key":"HornCleat"}],"event_choices":[{"damage_healed":0,"gold_gain":0,"player_choice":"Fled","damage_taken":0,"max_hp_gain":0,"max_hp_loss":0,"event_name":"Scrap Ooze","floor":5,"gold_loss":0},{"damage_healed":0,"gold_gain":0,"player_choice":"Upgraded","damage_taken":0,"max_hp_gain":0,"max_hp_loss":0,"event_name":"Upgrade Shrine","floor":7,"gold_loss":0,"cards_upgraded":["Bane"]},{"damage_healed":0,"gold_gain":0,"player_choice":"Ignored","damage_taken":0,"max_hp_gain":0,"max_hp_loss":0,"event_name":"Shining Light","floor":14,"gold_loss":0},{"damage_healed":0,"gold_gain":0,"player_choice":"Forge","damage_taken":0,"max_hp_gain":0,"max_hp_loss":0,"event_name":"Accursed Blacksmith","floor":19,"gold_loss":0,"cards_upgraded":["Footwork"]}],"is_beta":false,"boss_relics":[{"not_picked":["SacredBark","Black Star"],"picked":"Busted Crown"}],"items_purged_floors":[],"is_endless":false,"potions_floor_spawned":[3,12,18],"killed_by":"Chosen and Byrds","ascension_level":17}