{"gold_per_floor":[14,27,47,47,78,90,102,114,152,164,176,201,225,39,39,111,111,128,128],"floor_reached":19,"playtime":712,"items_purged":["Strike_G"],"score":294,"play_id":"25da0b80-e052-498a-a151-a5782df12546","local_time":"20230908215705","is_ascension_mode":true,"campfire_choices":[{"data":"Finisher","floor":6,"key":"SMITH"},{"data":"Blade Dance","floor":8,"key":"SMITH"},{"data":"Neutralize","floor":10,"key":"SMITH"},{"data":"Prepared","floor":15,"key":"SMITH"}],"neow_cost":"NO_GOLD","seed_source_timestamp":2666027681146600,"circlet_count":0,"master_deck":["AscendersBane","Strike_G","Strike_G","Strike_G","Strike_G","Defend_G","Defend_G","Defend_G","Defend_G","Defend_G","Survivor","Neutralize+1","Finisher+1","Dagger Spray","Catalyst","Blade Dance+1","Blade Dance","Prepared+1","After Image"],"relics":["Ring of the Snake","Bird Faced Urn","MawBank","Blood Vial","Bronze Scales","Membership Card","Snecko Eye"],"potions_floor_usage":[16,16,16],"damage_taken":[{"damage":2,"enemies":"Small Slimes","floor":1,"turns":5},{"damage":8,"enemies":"Cultist","floor":2,"turns":6},{"damage":0,"enemies":"2 Louse","floor":3,"turns":3},{"damage":0,"enemies":"2 Fungi Beasts","floor":5,"turns":2},{"damage":0,"enemies":"Lots of Slimes","floor":12,"turns":2},{"damage":1,"enemies":"Blue Slaver","floor":13,"turns":2},{"damage":36,"enemies":"The Guardian","floor":16,"turns":12},{"damage":17,"enemies":"Spheric Guardian","floor":18,"turns":4},{"damage":0,"enemies":"Chosen","floor":19,"turns":3}],"seed_played":"1373392851211796418","potions_obtained":[{"floor":1,"key":"Swift Potion"},{"floor":3,"key":"EntropicBrew"},{"floor":5,"key":"Weak Potion"},{"floor":11,"key":"Regen Potion"}],"is_trial":false,"path_per_floor":["M","M","M","?","M","R","?","R","T","R","?","M","M","$","R","B",null,"M","M"],"character_chosen":"THE_SILENT","items_purchased":["Membership Card"],"campfire_rested":0,"item_purchase_floors":[14],"current_hp_per_floor":[57,49,49,49,49,49,44,44,44,44,44,46,47,47,47,28,57,44,48],"gold":128,"neow_bonus":"ONE_RARE_RELIC","is_prod":false,"is_daily":false,"chose_seed":false,"campfire_upgraded":4,"win_rate":0,"timestamp":1694235425,"path_taken":["M","M","M","?","?","R","?","R","T","R","?","M","M","$","R","BOSS","M","?"],"build_version":"2022-12-18","purchased_purges":1,"victory":false,"max_hp_per_floor":[66,66,66,66,66,66,66,66,66,66,66,66,66,66,66,66,66,66,66],"card_choices":[{"not_picked":["Prepared","Underhanded Strike"],"picked":"Finisher","floor":1},{"not_picked":["Backflip","Skewer"],"picked":"Dagger Spray","floor":2},{"not_picked":["Leg Sweep","PiercingWail"],"picked":"Catalyst","floor":3},{"not_picked":["Cloak And Dagger","Deflect"],"picked":"Blade Dance","floor":5},{"not_picked":["Cloak And Dagger","Quick Slash"],"picked":"Blade Dance","floor":12},{"not_picked":["Flechettes","Underhanded Strike"],"picked":"Prepared","floor":13},{"not_picked":["Night Terror","Bullet Time"],"picked":"After Image","floor":16},{"not_picked":["Noxious Fumes","Outmaneuver","Choke"],"picked":"SKIP","floor":18}],"player_experience":515433,"relics_obtained":[{"floor":9,"key":"Bronze Scales"}],"event_choices":[{"damage_healed":0,"gold_gain":0,"player_choice":"Gave Potion","damage_taken":0,"relics_obtained":["MawBank"],"max_hp_gain":0,"max_hp_loss":0,"event_name":"WeMeetAgain","floor":4,"gold_loss":0},{"damage_healed":0,"gold_gain":0,"player_choice":"Success","damage_taken":5,"relics_obtained":["Blood Vial"],"max_hp_gain":0,"max_hp_loss":0,"event_name":"Scrap Ooze","floor":7,"gold_loss":0},{"damage_healed":0,"gold_gain":0,"player_choice":"Got Potions","damage_taken":0,"max_hp_gain":0,"max_hp_loss":0,"event_name":"Lab","floor":11,"gold_loss":0}],"is_beta":false,"boss_relics":[{"not_picked":["Calling Bell","Velvet Choker"],"picked":"Snecko Eye"}],"items_purged_floors":[14],"is_endless":false,"potions_floor_spawned":[1,3,5,13],"killed_by":"Chosen","ascension_level":17}