{"gold_per_floor":[114,189,207,221,221,221,253,271,271,300,27,58,58,68,68,163,163,179,196,196,208,307,307,334,334,361,361,392,392,392,392,392,487,487,498,516,516,566,611,646,662,696,696,711,729,746,776,788,788,788,788,788,34,62,62],"floor_reached":56,"playtime":3135,"items_purged":["Strike_G","Doubt"],"score":1639,"play_id":"fe7b1cf6-f54f-468e-ae43-bcc07b282b53","local_time":"20230919201755","is_ascension_mode":true,"campfire_choices":[{"data":"Dagger Spray","floor":6,"key":"SMITH"},{"data":"Flying Knee","floor":13,"key":"SMITH"},{"data":"Cloak And Dagger","floor":15,"key":"SMITH"},{"data":"Die Die Die","floor":23,"key":"SMITH"},{"data":"Well Laid Plans","floor":25,"key":"SMITH"},{"data":"Noxious Fumes","floor":27,"key":"SMITH"},{"data":"Tactician","floor":29,"key":"SMITH"},{"data":"Ghostly","floor":32,"key":"SMITH"},{"floor":49,"key":"RECALL"},{"data":"Ghostly","floor":52,"key":"SMITH"}],"neow_cost":"NONE","seed_source_timestamp":232194441541400,"circlet_count":0,"master_deck":["Strike_G","Strike_G","Strike_G","Strike_G","Defend_G","Defend_G","Defend_G","Defend_G","Defend_G","Survivor","Neutralize+1","Poisoned Stab","PiercingWail","Dagger Spray+1","Tactician+1","Noxious Fumes+1","Flying Knee+1","Backflip","PiercingWail","Cloak And Dagger+1","Die Die Die+1","Well Laid Plans+1","Cloak And Dagger+1","Deflect+1","Slice+1","Ghostly+1","Ghostly","Ghostly","Ghostly","Ghostly+1","Tools of the Trade","Predator+1","Finisher+1","Blade Dance","Blade Dance+1","Acrobatics","Leg Sweep+1","Terror+1","Reflex","Violence","Backflip"],"relics":["Ring of the Snake","Nunchaku","TungstenRod","Pantograph","Shuriken","Bird Faced Urn","SacredBark","Dream Catcher","PreservedInsect","Vajra","Cursed Key","Unceasing Top","Girya","Kunai","Calipers","Smiling Mask","Oddly Smooth Stone","Happy Flower","Lee\u0027s Waffle","Art of War"],"potions_floor_usage":[7,10,12,21,24,33,33,45,45,54,55,55],"damage_taken":[{"damage":9,"enemies":"Cultist","floor":1,"turns":5},{"damage":0,"enemies":"Small Slimes","floor":3,"turns":4},{"damage":0,"enemies":"2 Louse","floor":4,"turns":3},{"damage":7,"enemies":"3 Sentries","floor":7,"turns":6},{"damage":0,"enemies":"Red Slaver","floor":8,"turns":3},{"damage":12,"enemies":"Gremlin Nob","floor":10,"turns":6},{"damage":9,"enemies":"3 Sentries","floor":12,"turns":7},{"damage":0,"enemies":"2 Fungi Beasts","floor":14,"turns":3},{"damage":5,"enemies":"The Guardian","floor":16,"turns":11},{"damage":7,"enemies":"3 Byrds","floor":18,"turns":5},{"damage":35,"enemies":"Spheric Guardian","floor":19,"turns":8},{"damage":9,"enemies":"Chosen and Byrds","floor":21,"turns":6},{"damage":0,"enemies":"Gremlin Leader","floor":24,"turns":7},{"damage":33,"enemies":"Book of Stabbing","floor":28,"turns":6},{"damage":21,"enemies":"Automaton","floor":33,"turns":9},{"damage":0,"enemies":"3 Darklings","floor":35,"turns":5},{"damage":0,"enemies":"Orb Walker","floor":36,"turns":3},{"damage":0,"enemies":"Mind Bloom Boss Battle","floor":38,"turns":7},{"damage":1,"enemies":"2 Orb Walkers","floor":39,"turns":6},{"damage":3,"enemies":"Giant Head","floor":40,"turns":6},{"damage":0,"enemies":"4 Shapes","floor":41,"turns":5},{"damage":25,"enemies":"Reptomancer","floor":42,"turns":4},{"damage":0,"enemies":"Spire Growth","floor":44,"turns":4},{"damage":0,"enemies":"Writhing Mass","floor":45,"turns":6},{"damage":8,"enemies":"4 Shapes","floor":46,"turns":7},{"damage":0,"enemies":"Nemesis","floor":47,"turns":7},{"damage":0,"enemies":"Spire Growth","floor":48,"turns":5},{"damage":24,"enemies":"Donu and Deca","floor":50,"turns":11},{"damage":0,"enemies":"Shield and Spear","floor":54,"turns":4},{"damage":0,"enemies":"The Heart","floor":55,"turns":8}],"seed_played":"1727890306134101807","potions_obtained":[{"floor":3,"key":"Fire Potion"},{"floor":4,"key":"PowerPotion"},{"floor":10,"key":"BlessingOfTheForge"},{"floor":12,"key":"Swift Potion"},{"floor":16,"key":"Regen Potion"},{"floor":28,"key":"DistilledChaos"},{"floor":33,"key":"Swift Potion"},{"floor":35,"key":"Swift Potion"},{"floor":41,"key":"AttackPotion"},{"floor":48,"key":"CunningPotion"}],"is_trial":false,"path_per_floor":["M","?","M","M","?","R","E","M","T","E","$","E","R","M","R","B",null,"M","M","?","M","?","R","E","R","T","R","E","R","?","?","R","B",null,"M","M","?","?","?","E","M","E","T","M","M","M","E","M","R","B",null,"R","$","E","B",null],"character_chosen":"THE_SILENT","items_purchased":["GhostInAJar","Flying Knee","Backflip","Reflex","Oddly Smooth Stone","Happy Flower","Lee\u0027s Waffle","Strength Potion","Violence"],"campfire_rested":0,"item_purchase_floors":[11,11,11,53,53,53,53,53,53],"current_hp_per_floor":[61,50,50,50,43,43,36,36,36,24,24,15,15,15,15,37,70,65,32,32,23,23,23,70,70,70,70,41,41,29,29,29,16,37,37,37,35,35,34,32,35,12,12,12,18,16,22,24,24,17,35,35,42,42,42],"gold":62,"neow_bonus":"UPGRADE_CARD","is_prod":false,"is_daily":false,"chose_seed":false,"campfire_upgraded":9,"win_rate":0,"timestamp":1695179875,"path_taken":["M","?","M","M","?","R","E","M","T","E","$","E","R","M","R","BOSS","M","M","?","?","?","R","E","R","T","R","E","R","?","?","R","BOSS","M","M","?","?","?","E","?","E","T","M","M","M","E","M","R","BOSS","R","$","E","BOSS"],"build_version":"2022-12-18","purchased_purges":2,"victory":true,"max_hp_per_floor":[70,70,70,70,70,70,70,70,70,70,70,70,70,70,70,70,70,70,70,70,70,70,70,70,70,70,70,70,70,75,37,37,37,37,37,37,35,35,35,35,35,35,35,35,35,35,35,35,35,35,35,35,42,42,42],"card_choices":[{"not_picked":["Slice","Concentrate"],"picked":"Poisoned Stab","floor":1},{"not_picked":["Accuracy","Flechettes"],"picked":"PiercingWail","floor":3},{"not_picked":["Caltrops","Dagger Throw"],"picked":"Dagger Spray","floor":4},{"not_picked":["Corpse Explosion","PiercingWail"],"picked":"Tactician","floor":7},{"not_picked":["Underhanded Strike","Slice"],"picked":"Noxious Fumes","floor":8},{"not_picked":["Caltrops","Bullet Time","Underhanded Strike"],"picked":"SKIP","floor":10},{"not_picked":["Masterful Stab","All Out Attack"],"picked":"PiercingWail","floor":12},{"not_picked":["Backflip","Concentrate"],"picked":"Cloak And Dagger","floor":14},{"not_picked":["Unload","Corpse Explosion"],"picked":"Die Die Die","floor":16},{"not_picked":["Riddle With Holes+1","Noxious Fumes+1"],"picked":"Well Laid Plans","floor":18},{"not_picked":["Underhanded Strike","Outmaneuver+1"],"picked":"Cloak And Dagger+1","floor":19},{"not_picked":["Masterful Stab","Blur+1"],"picked":"Deflect+1","floor":21},{"not_picked":["PiercingWail+1","Envenom"],"picked":"Slice+1","floor":24},{"not_picked":["Backstab","Slice+1","All Out Attack+1"],"picked":"SKIP","floor":28},{"not_picked":["Doppelganger","Bullet Time"],"picked":"Tools of the Trade","floor":33},{"not_picked":["Quick Slash","Dodge and Roll"],"picked":"Predator+1","floor":35},{"not_picked":["Dagger Spray+1","Noxious Fumes+1"],"picked":"Finisher+1","floor":36},{"not_picked":["Underhanded Strike+1","Prepared"],"picked":"Blade Dance","floor":38},{"not_picked":["Quick Slash+1","Dash"],"picked":"Blade Dance+1","floor":39},{"not_picked":["Concentrate","Escape Plan+1"],"picked":"Acrobatics","floor":40},{"not_picked":["A Thousand Cuts","All Out Attack","Dagger Throw+1"],"picked":"SKIP","floor":41},{"not_picked":["Dagger Spray+1","Riddle With Holes+1","Malaise"],"picked":"SKIP","floor":42},{"not_picked":["PiercingWail+1","Bane","Dodge and Roll"],"picked":"SKIP","floor":44},{"not_picked":["Masterful Stab","Slice+1"],"picked":"Leg Sweep+1","floor":45},{"not_picked":["Sucker Punch","Bane+1","Eviscerate"],"picked":"SKIP","floor":46},{"not_picked":["Flying Knee+1","Backstab+1","Deadly Poison+1"],"picked":"SKIP","floor":47},{"not_picked":["Quick Slash","Concentrate"],"picked":"Terror+1","floor":48},{"not_picked":["Flechettes+1","Skewer+1"],"picked":"Backflip","floor":54}],"player_experience":670291,"relics_obtained":[{"floor":7,"key":"TungstenRod"},{"floor":9,"key":"Pantograph"},{"floor":10,"key":"Shuriken"},{"floor":12,"key":"Bird Faced Urn"},{"floor":24,"key":"Dream Catcher"},{"floor":26,"key":"PreservedInsect"},{"floor":28,"key":"Vajra"},{"floor":38,"key":"Unceasing Top"},{"floor":39,"key":"Girya"},{"floor":40,"key":"Kunai"},{"floor":42,"key":"Calipers"},{"floor":47,"key":"Smiling Mask"},{"floor":54,"key":"Art of War"}],"event_choices":[{"damage_healed":0,"gold_gain":75,"player_choice":"Gather Gold","damage_taken":11,"max_hp_gain":0,"max_hp_loss":0,"event_name":"World of Goop","floor":2,"gold_loss":0},{"damage_healed":0,"gold_gain":0,"player_choice":"Success","damage_taken":7,"relics_obtained":["Nunchaku"],"max_hp_gain":0,"max_hp_loss":0,"event_name":"Scrap Ooze","floor":5,"gold_loss":0},{"damage_healed":0,"gold_gain":0,"player_choice":"Ignored","damage_taken":0,"max_hp_gain":0,"max_hp_loss":0,"event_name":"NoteForYourself","floor":20,"gold_loss":0},{"damage_healed":0,"gold_gain":99,"player_choice":"Stole From Cult","damage_taken":0,"max_hp_gain":0,"max_hp_loss":0,"event_name":"Nest","floor":22,"gold_loss":0},{"damage_healed":0,"gold_gain":0,"player_choice":"Shed Blood","damage_taken":18,"max_hp_gain":5,"max_hp_loss":0,"event_name":"Forgotten Altar","floor":30,"gold_loss":0},{"damage_healed":0,"gold_gain":0,"player_choice":"Became a Ghost","damage_taken":0,"max_hp_gain":0,"max_hp_loss":38,"event_name":"Ghosts","floor":31,"gold_loss":0,"cards_obtained":["Ghostly","Ghostly","Ghostly","Ghostly","Ghostly"]},{"damage_healed":0,"gold_gain":0,"player_choice":"Max HP","damage_taken":0,"max_hp_gain":0,"max_hp_loss":2,"event_name":"Winding Halls","floor":37,"gold_loss":0},{"damage_healed":0,"gold_gain":0,"player_choice":"Fight","damage_taken":0,"max_hp_gain":0,"max_hp_loss":0,"event_name":"MindBloom","floor":38,"gold_loss":0},{"damage_healed":0,"gold_gain":0,"player_choice":"Fight","damage_taken":0,"max_hp_gain":0,"max_hp_loss":0,"event_name":"Mysterious Sphere","floor":39,"gold_loss":0}],"is_beta":false,"boss_relics":[{"not_picked":["Busted Crown","Runic Dome"],"picked":"SacredBark"},{"not_picked":["Astrolabe","Fusion Hammer"],"picked":"Cursed Key"}],"items_purged_floors":[11,53],"is_endless":false,"potions_floor_spawned":[3,4,10,12,16,18,28,33,35,41,42,48],"ascension_level":4}