{"gold_per_floor":[362,362,1,11,26,26,39,74,128,128,46,46,46,74,74,177,177,195,207,62,4,19,29,45,45,71,71,88,98,98,130,130,130],"floor_reached":33,"playtime":1310,"items_purged":["Pain","Strike_G"],"score":374,"play_id":"deaa5a35-6f66-49d3-9b65-1487cfbc50c1","local_time":"20230924025527","is_ascension_mode":true,"campfire_choices":[{"data":"All Out Attack","floor":6,"key":"SMITH"},{"data":"Dash","floor":10,"key":"SMITH"},{"data":"Cloak And Dagger","floor":12,"key":"SMITH"},{"data":"Deadly Poison","floor":15,"key":"SMITH"},{"data":"Blade Dance","floor":25,"key":"SMITH"},{"data":"Accuracy","floor":27,"key":"SMITH"},{"floor":30,"key":"REST"},{"data":"Footwork","floor":32,"key":"SMITH"}],"neow_cost":"CURSE","seed_source_timestamp":603531154348300,"circlet_count":0,"master_deck":["Strike_G","Strike_G","Strike_G","Strike_G+1","Defend_G","Defend_G+1","Defend_G","Defend_G","Defend_G","Survivor","Neutralize","Deadly Poison+1","All Out Attack+1","Dash+1","Deadly Poison+1","Backflip","Finisher","Accuracy+1","Cloak And Dagger+1","Bullet Time","Escape Plan+1","Acrobatics","Blade Dance+1","Backflip+1","Footwork+1","Blade Dance"],"relics":["Ring of the Snake","Bag of Preparation","Pear","Potion Belt","HoveringKite","Blood Vial","Pen Nib","Mercury Hourglass"],"potions_floor_usage":[8,14,14,23,29,31,31,31,33],"damage_taken":[{"damage":12,"enemies":"Jaw Worm","floor":1,"turns":6},{"damage":0,"enemies":"Cultist","floor":4,"turns":3},{"damage":4,"enemies":"2 Louse","floor":5,"turns":2},{"damage":2,"enemies":"Exordium Wildlife","floor":7,"turns":5},{"damage":10,"enemies":"3 Sentries","floor":8,"turns":6},{"damage":20,"enemies":"Gremlin Nob","floor":14,"turns":4},{"damage":1,"enemies":"Hexaghost","floor":16,"turns":9},{"damage":0,"enemies":"Spheric Guardian","floor":18,"turns":1},{"damage":0,"enemies":"Chosen","floor":19,"turns":6},{"damage":10,"enemies":"Snake Plant","floor":22,"turns":4},{"damage":13,"enemies":"Centurion and Healer","floor":23,"turns":6},{"damage":18,"enemies":"Sentry and Sphere","floor":24,"turns":4},{"damage":9,"enemies":"Shelled Parasite and Fungi","floor":28,"turns":5},{"damage":0,"enemies":"Cultist and Chosen","floor":29,"turns":5},{"damage":6,"enemies":"Book of Stabbing","floor":31,"turns":3},{"damage":59,"enemies":"Champ","floor":33,"turns":8}],"seed_played":"-7370802858474539954","potions_obtained":[{"floor":4,"key":"BlessingOfTheForge"},{"floor":5,"key":"AttackPotion"},{"floor":8,"key":"ColorlessPotion"},{"floor":14,"key":"Block Potion"},{"floor":16,"key":"PowerPotion"},{"floor":18,"key":"GamblersBrew"},{"floor":22,"key":"SteroidPotion"},{"floor":24,"key":"Ancient Potion"},{"floor":28,"key":"SteroidPotion"}],"is_trial":false,"path_per_floor":["M","?","$","M","M","R","M","E","T","R","$","R","?","E","R","B",null,"M","M","$","?","M","M","M","R","T","R","M","M","R","E","R","B"],"character_chosen":"THE_SILENT","items_purchased":["Bag of Preparation","All Out Attack","Dash","Accuracy","Cloak And Dagger","Blade Dance"],"campfire_rested":1,"item_purchase_floors":[3,3,3,11,11,20],"current_hp_per_floor":[51,51,51,51,47,47,45,45,45,45,45,45,29,9,9,8,62,62,62,62,62,54,43,27,27,27,27,20,22,46,42,42,0],"gold":130,"neow_bonus":"TWO_FIFTY_GOLD","is_prod":false,"is_daily":false,"chose_seed":false,"campfire_upgraded":7,"win_rate":0,"timestamp":1695549327,"path_taken":["M","?","$","?","M","R","M","E","T","R","$","R","?","E","R","BOSS","M","M","$","?","?","M","M","R","T","R","?","M","R","E","R","BOSS"],"build_version":"2022-12-18","purchased_purges":2,"victory":false,"max_hp_per_floor":[70,70,70,70,70,70,70,80,80,80,80,80,80,80,80,80,80,80,80,80,80,80,80,80,80,80,80,80,80,80,80,80,80],"card_choices":[{"not_picked":["Choke","Flying Knee"],"picked":"Deadly Poison","floor":1},{"not_picked":["Deflect","Dagger Spray"],"picked":"Deadly Poison","floor":4},{"not_picked":["Dodge and Roll","Riddle With Holes","Outmaneuver"],"picked":"SKIP","floor":5},{"not_picked":["Bouncing Flask","Cloak And Dagger"],"picked":"Backflip","floor":7},{"not_picked":["Underhanded Strike","Escape Plan"],"picked":"Finisher","floor":8},{"not_picked":["Endless Agony","Sucker Punch","Flechettes"],"picked":"SKIP","floor":14},{"not_picked":["Doppelganger","Grand Finale"],"picked":"Bullet Time","floor":16},{"not_picked":["Bane","Prepared"],"picked":"Escape Plan+1","floor":18},{"not_picked":["Quick Slash","Reflex"],"picked":"Acrobatics","floor":19},{"not_picked":["Cloak And Dagger","Die Die Die"],"picked":"Backflip+1","floor":22},{"not_picked":["Outmaneuver","Bouncing Flask","Skewer"],"picked":"SKIP","floor":23},{"not_picked":["Poisoned Stab","Dash"],"picked":"Footwork","floor":24},{"not_picked":["Poisoned Stab+1","Deflect+1","Slice"],"picked":"SKIP","floor":28},{"not_picked":["Skewer","Concentrate"],"picked":"Blade Dance","floor":29},{"not_picked":["Deadly Poison","Flechettes","Crippling Poison"],"picked":"SKIP","floor":31}],"player_experience":725327,"relics_obtained":[{"floor":8,"key":"Pear"},{"floor":14,"key":"Potion Belt"},{"floor":26,"key":"Pen Nib"},{"floor":31,"key":"Mercury Hourglass"}],"event_choices":[{"damage_healed":0,"gold_gain":0,"player_choice":"Forge","damage_taken":0,"max_hp_gain":0,"max_hp_loss":0,"event_name":"Accursed Blacksmith","floor":2,"gold_loss":0,"cards_upgraded":["Deadly Poison"]},{"damage_healed":0,"gold_gain":0,"player_choice":"Entered Light","damage_taken":16,"max_hp_gain":0,"max_hp_loss":0,"event_name":"Shining Light","floor":13,"gold_loss":0,"cards_upgraded":["Strike_G","Defend_G"]},{"damage_healed":0,"gold_gain":0,"player_choice":"Paid Gold","damage_taken":0,"relics_obtained":["Blood Vial"],"max_hp_gain":0,"max_hp_loss":0,"event_name":"WeMeetAgain","floor":21,"gold_loss":58}],"is_beta":false,"boss_relics":[{"not_picked":["Sozu","Black Star"],"picked":"HoveringKite"}],"items_purged_floors":[3,20],"is_endless":false,"potions_floor_spawned":[4,5,8,14,16,18,22,24,28],"killed_by":"Champ","ascension_level":7}