{"gold_per_floor":[20,20,39,56,6,6,22,53,53,53,82,82,82,95,95,193,193,211,136,147,166,3,3,34,34,34,45,62,62,62,92,92,190,190,210,225,242,261,87,87,97,129,156,156,175,175,50,69,69,69,69,69,69,99,99],"floor_reached":56,"playtime":2923,"items_purged":["Strike_G","Writhe","Strike_G"],"score":1706,"play_id":"1fc22e1d-c7a4-4124-b5bb-39d75bd56529","local_time":"20230928184405","is_ascension_mode":true,"campfire_choices":[{"data":"Poisoned Stab","floor":6,"key":"SMITH"},{"data":"Noxious Fumes","floor":12,"key":"SMITH"},{"data":"All Out Attack","floor":15,"key":"SMITH"},{"data":"Footwork","floor":23,"key":"SMITH"},{"data":"Neutralize","floor":25,"key":"SMITH"},{"floor":30,"key":"REST"},{"data":"Catalyst","floor":32,"key":"SMITH"},{"data":"Calculated Gamble","floor":40,"key":"SMITH"},{"data":"Acrobatics","floor":44,"key":"SMITH"},{"floor":49,"key":"RECALL"},{"data":"Night Terror","floor":52,"key":"SMITH"}],"neow_cost":"NO_GOLD","seed_source_timestamp":1004419938230500,"circlet_count":0,"master_deck":["AscendersBane","Strike_G+1","Defend_G","Defend_G","Defend_G","Defend_G","Defend_G","Survivor","Neutralize+1","All Out Attack+1","Poisoned Stab+1","Bane+1","Noxious Fumes+1","Adrenaline","Deadly Poison","Adrenaline","Predator+1","Footwork+1","Master of Strategy","Catalyst+1","Acrobatics+1","Night Terror+1","Adrenaline","Prepared+1","Tactician+1","Calculated Gamble+1","Backflip","Backflip","Clumsy","Acrobatics"],"relics":["Ring of the Snake","StrikeDummy","Kunai","Snake Skull","MealTicket","Cursed Key","Mummified Hand","Pantograph","InkBottle","Molten Egg 2","Coffee Dripper","Lizard Tail","Whetstone"],"potions_floor_usage":[8,21,24,31,31,33,55,55,55],"damage_taken":[{"damage":1,"enemies":"Cultist","floor":1,"turns":5},{"damage":0,"enemies":"Small Slimes","floor":3,"turns":3},{"damage":0,"enemies":"2 Louse","floor":4,"turns":2},{"damage":0,"enemies":"Lots of Slimes","floor":7,"turns":3},{"damage":8,"enemies":"Gremlin Nob","floor":8,"turns":3},{"damage":17,"enemies":"3 Sentries","floor":11,"turns":8},{"damage":7,"enemies":"Red Slaver","floor":14,"turns":4},{"damage":10,"enemies":"Hexaghost","floor":16,"turns":7},{"damage":10,"enemies":"2 Thieves","floor":18,"turns":4},{"damage":14,"enemies":"Shell Parasite","floor":20,"turns":4},{"damage":8,"enemies":"3 Cultists","floor":21,"turns":5},{"damage":11,"enemies":"Book of Stabbing","floor":24,"turns":4},{"damage":12,"enemies":"Snecko","floor":27,"turns":5},{"damage":18,"enemies":"Snake Plant","floor":28,"turns":3},{"damage":3,"enemies":"Slavers","floor":31,"turns":6},{"damage":26,"enemies":"Champ","floor":33,"turns":5},{"damage":0,"enemies":"Orb Walker","floor":35,"turns":3},{"damage":0,"enemies":"3 Darklings","floor":36,"turns":4},{"damage":3,"enemies":"Writhing Mass","floor":37,"turns":5},{"damage":0,"enemies":"Transient","floor":38,"turns":3},{"damage":0,"enemies":"Maw","floor":41,"turns":5},{"damage":0,"enemies":"Nemesis","floor":42,"turns":3},{"damage":0,"enemies":"Writhing Mass","floor":45,"turns":2},{"damage":13,"enemies":"3 Darklings","floor":48,"turns":4},{"damage":15,"enemies":"Time Eater","floor":50,"turns":2},{"damage":10,"enemies":"Shield and Spear","floor":54,"turns":6},{"damage":75,"enemies":"The Heart","floor":55,"turns":4}],"seed_played":"-4472175462347125139","potions_obtained":[{"floor":1,"key":"DistilledChaos"},{"floor":8,"key":"AttackPotion"},{"floor":14,"key":"Fire Potion"},{"floor":16,"key":"SneckoOil"},{"floor":18,"key":"SkillPotion"},{"floor":28,"key":"Energy Potion"},{"floor":31,"key":"Swift Potion"},{"floor":36,"key":"DuplicationPotion"},{"floor":41,"key":"SpeedPotion"},{"floor":42,"key":"Regen Potion"},{"floor":48,"key":"DuplicationPotion"}],"is_trial":false,"path_per_floor":["M","?","M","M","?","R","M","E","T","?","E","R","?","M","R","B",null,"M","$","M","M","$","R","E","R","T","M","M","?","R","E","R","B",null,"M","M","M","M","$","R","M","E","T","R","M","?","$","M","R","B",null,"R","$","E","B",null],"character_chosen":"THE_SILENT","items_purchased":["Master of Strategy","Calculated Gamble"],"campfire_rested":1,"item_purchase_floors":[22,39],"current_hp_per_floor":[76,76,76,76,76,76,76,68,68,56,39,39,39,32,32,22,69,59,74,60,52,67,67,56,56,56,44,26,26,51,48,48,47,75,75,75,72,72,84,84,84,84,84,84,84,84,84,71,71,69,80,80,84,74,21],"gold":99,"neow_bonus":"TWENTY_PERCENT_HP_BONUS","is_prod":false,"is_daily":false,"chose_seed":false,"campfire_upgraded":9,"win_rate":0,"timestamp":1695951845,"path_taken":["M","?","M","M","?","R","M","E","T","?","E","R","?","M","R","BOSS","M","?","M","M","$","R","E","R","T","?","M","?","R","E","R","BOSS","M","?","M","M","$","R","M","E","T","R","M","?","$","M","R","BOSS","R","$","E","BOSS"],"build_version":"2022-12-18","purchased_purges":3,"victory":true,"max_hp_per_floor":[84,84,84,84,84,84,84,84,84,84,84,84,84,84,84,84,84,84,84,84,84,84,84,84,84,84,84,84,84,84,84,84,84,84,84,84,84,84,84,84,84,84,84,84,84,84,84,84,84,84,84,84,84,84,84],"card_choices":[{"not_picked":["Acrobatics","Distraction"],"picked":"All Out Attack","floor":1},{"not_picked":["Dagger Throw","Catalyst"],"picked":"Poisoned Stab","floor":3},{"not_picked":["Quick Slash","Reflex"],"picked":"Bane","floor":4},{"not_picked":["All Out Attack","Underhanded Strike","Dagger Throw"],"picked":"SKIP","floor":7},{"not_picked":["Cloak And Dagger","Deflect"],"picked":"Noxious Fumes","floor":8},{"not_picked":["Bane","Backflip"],"picked":"Adrenaline","floor":11},{"not_picked":["Prepared","Predator"],"picked":"Deadly Poison","floor":14},{"not_picked":["Phantasmal Killer","Burst"],"picked":"Adrenaline","floor":16},{"not_picked":["Flying Knee","Outmaneuver","Dodge and Roll"],"picked":"SKIP","floor":18},{"not_picked":["Masterful Stab","Skewer"],"picked":"Predator+1","floor":20},{"not_picked":["Backstab","Expertise"],"picked":"Footwork","floor":21},{"not_picked":["Underhanded Strike","Reflex","Poisoned Stab"],"picked":"SKIP","floor":24},{"not_picked":["Flying Knee","Night Terror"],"picked":"Catalyst","floor":27},{"not_picked":["Bane","Dagger Throw"],"picked":"Acrobatics","floor":28},{"not_picked":["Accuracy","Backflip"],"picked":"Night Terror","floor":31},{"not_picked":["Doppelganger","Night Terror"],"picked":"Adrenaline","floor":33},{"not_picked":["Dagger Throw+1","Masterful Stab+1","Choke+1"],"picked":"SKIP","floor":35},{"not_picked":["Poisoned Stab+1","Dodge and Roll+1"],"picked":"Prepared+1","floor":36},{"not_picked":["Poisoned Stab+1","Outmaneuver+1"],"picked":"Tactician+1","floor":37},{"not_picked":["Dodge and Roll","Dagger Spray+1","Finisher+1"],"picked":"SKIP","floor":38},{"not_picked":["Terror+1","Sucker Punch+1"],"picked":"Backflip","floor":41},{"not_picked":["Phantasmal Killer","Deflect+1"],"picked":"Backflip","floor":42},{"not_picked":["Cloak And Dagger","Deadly Poison+1"],"picked":"Acrobatics","floor":45},{"not_picked":["Prepared","Flying Knee+1","All Out Attack+1"],"picked":"SKIP","floor":48},{"not_picked":["Venomology","Quick Slash+1","Terror+1"],"picked":"SKIP","floor":54}],"player_experience":782106,"relics_obtained":[{"floor":8,"key":"StrikeDummy"},{"floor":9,"key":"Kunai"},{"floor":11,"key":"MealTicket"},{"floor":24,"key":"Mummified Hand"},{"floor":26,"key":"Pantograph"},{"floor":29,"key":"InkBottle"},{"floor":31,"key":"Molten Egg 2"},{"floor":42,"key":"Lizard Tail"},{"floor":54,"key":"Whetstone"}],"event_choices":[{"damage_healed":0,"gold_gain":0,"cards_transformed":["Strike_G"],"player_choice":"Change","damage_taken":0,"max_hp_gain":0,"max_hp_loss":0,"event_name":"Living Wall","floor":2,"gold_loss":0,"cards_obtained":["Masterful Stab"]},{"cards_removed":["Strike_G"],"damage_healed":0,"gold_gain":0,"player_choice":"Card Removal","damage_taken":0,"max_hp_gain":0,"max_hp_loss":0,"event_name":"The Cleric","floor":5,"gold_loss":50},{"damage_healed":0,"gold_gain":0,"player_choice":"Success","damage_taken":12,"relics_obtained":["Snake Skull"],"max_hp_gain":0,"max_hp_loss":0,"event_name":"Scrap Ooze","floor":10,"gold_loss":0},{"cards_removed":["Masterful Stab"],"damage_healed":0,"gold_gain":0,"player_choice":"Card Removal","damage_taken":0,"max_hp_gain":0,"max_hp_loss":0,"event_name":"Wheel of Change","floor":13,"gold_loss":0},{"damage_healed":0,"gold_gain":0,"player_choice":"Relic","damage_taken":0,"max_hp_gain":0,"max_hp_loss":0,"event_name":"Wheel of Change","floor":29,"gold_loss":0},{"damage_healed":0,"gold_gain":0,"player_choice":"Ignored","damage_taken":0,"max_hp_gain":0,"max_hp_loss":0,"event_name":"Tomb of Lord Red Mask","floor":46,"gold_loss":0}],"is_beta":false,"boss_relics":[{"not_picked":["Empty Cage","Black Star"],"picked":"Cursed Key"},{"not_picked":["Philosopher\u0027s Stone","HoveringKite"],"picked":"Coffee Dripper"}],"items_purged_floors":[19,39,47],"is_endless":false,"potions_floor_spawned":[1,8,14,16,18,28,31,36,41,42,48],"ascension_level":10}