{"gold_per_floor":[109,109,133,151,151,151,184,184,235,235,279,294,317,338,338,468,468,489,489,475,475,271,271,304,337,392,392,442,476,476],"floor_reached":30,"playtime":1447,"items_purged":["Strike_G"],"score":375,"play_id":"4e23f2f0-9f9a-4bdb-a1b2-0c5db599eb7c","local_time":"20230924015121","is_ascension_mode":true,"campfire_choices":[{"data":"Skewer","floor":6,"key":"SMITH"},{"data":"Slice","floor":8,"key":"SMITH"},{"data":"Neutralize","floor":10,"key":"SMITH"},{"data":"Poisoned Stab","floor":15,"key":"SMITH"},{"data":"Wraith Form v2","floor":23,"key":"SMITH"},{"floor":27,"key":"REST"}],"neow_cost":"NONE","seed_source_timestamp":599542562327200,"circlet_count":0,"master_deck":["Strike_G","Strike_G","Strike_G","Strike_G","Defend_G","Defend_G","Defend_G","Defend_G","Defend_G","Survivor","Neutralize+1","Dark Shackles","Slice+1","Skewer+1","Footwork","PiercingWail","Poisoned Stab+1","Backflip","Blade Dance","Backflip","Wraith Form v2+1","Acrobatics+1","All Out Attack","Tactician","Well Laid Plans","Flying Knee+1"],"relics":["Ring of the Snake","Golden Idol","Centennial Puzzle","Anchor","Pantograph","HoveringKite","InkBottle","Toy Ornithopter","Red Mask","Bronze Scales","CeramicFish"],"potions_floor_usage":[16,24,24,28],"damage_taken":[{"damage":7,"enemies":"Jaw Worm","floor":1,"turns":5},{"damage":0,"enemies":"Small Slimes","floor":3,"turns":5},{"damage":0,"enemies":"Cultist","floor":4,"turns":3},{"damage":22,"enemies":"3 Sentries","floor":7,"turns":14},{"damage":5,"enemies":"Gremlin Nob","floor":11,"turns":4},{"damage":1,"enemies":"Exordium Thugs","floor":12,"turns":5},{"damage":0,"enemies":"Large Slime","floor":13,"turns":5},{"damage":1,"enemies":"Looter","floor":14,"turns":3},{"damage":31,"enemies":"Hexaghost","floor":16,"turns":11},{"damage":7,"enemies":"Shell Parasite","floor":18,"turns":7},{"damage":5,"enemies":"2 Thieves","floor":20,"turns":4},{"damage":48,"enemies":"Book of Stabbing","floor":24,"turns":8},{"damage":6,"enemies":"Masked Bandits","floor":25,"turns":5},{"damage":14,"enemies":"Slavers","floor":28,"turns":7},{"damage":9,"enemies":"Centurion and Healer","floor":29,"turns":6},{"damage":22,"enemies":"Cultist and Chosen","floor":30,"turns":4}],"seed_played":"-8487764040766494910","potions_obtained":[{"floor":3,"key":"Weak Potion"},{"floor":4,"key":"BlessingOfTheForge"},{"floor":7,"key":"EssenceOfSteel"},{"floor":18,"key":"Swift Potion"},{"floor":20,"key":"FairyPotion"},{"floor":24,"key":"SkillPotion"},{"floor":28,"key":"CultistPotion"}],"is_trial":false,"path_per_floor":["M","?","M","M","?","R","E","R","T","R","E","M","M","M","R","B",null,"M","?","M","T","$","R","E","?","T","R","E","M","M"],"character_chosen":"THE_SILENT","items_purchased":["AttackPotion","All Out Attack"],"campfire_rested":1,"item_purchase_floors":[22,22],"current_hp_per_floor":[56,56,56,56,61,61,39,39,39,39,34,33,33,32,32,26,59,52,52,47,47,47,47,21,15,15,36,27,18,0],"gold":476,"neow_bonus":"RANDOM_COLORLESS","is_prod":false,"is_daily":false,"chose_seed":false,"campfire_upgraded":5,"win_rate":0,"timestamp":1695545481,"path_taken":["M","?","M","M","?","R","E","R","T","R","E","M","M","M","R","BOSS","M","?","?","?","$","R","E","?","T","R","E","M","M"],"build_version":"2022-12-18","purchased_purges":1,"victory":false,"max_hp_per_floor":[70,65,65,65,70,70,70,70,70,70,70,70,70,70,70,70,70,70,70,70,70,70,70,70,70,70,70,70,70,70],"card_choices":[{"not_picked":["Madness","Swift Strike"],"picked":"Dark Shackles","floor":0},{"not_picked":["Infinite Blades","Dagger Throw"],"picked":"Slice","floor":1},{"not_picked":["Calculated Gamble","Well Laid Plans"],"picked":"Skewer","floor":3},{"not_picked":["Bane","Flying Knee"],"picked":"Footwork","floor":4},{"not_picked":["Accuracy","Acrobatics"],"picked":"PiercingWail","floor":7},{"not_picked":["Storm of Steel","Flying Knee"],"picked":"Poisoned Stab","floor":11},{"not_picked":["Escape Plan","Skewer"],"picked":"Backflip","floor":12},{"not_picked":["Cloak And Dagger","All Out Attack"],"picked":"Blade Dance","floor":13},{"not_picked":["Cloak And Dagger","Deflect"],"picked":"Backflip","floor":14},{"not_picked":["Die Die Die","Doppelganger"],"picked":"Wraith Form v2","floor":16},{"not_picked":["Noxious Fumes+1","Slice","Heel Hook"],"picked":"SKIP","floor":18},{"not_picked":["Dagger Throw","Heel Hook"],"picked":"Acrobatics+1","floor":20},{"not_picked":["Quick Slash","Crippling Poison"],"picked":"Tactician","floor":24},{"not_picked":["Bane+1","Doppelganger"],"picked":"Well Laid Plans","floor":28},{"not_picked":["Sucker Punch+1","Setup"],"picked":"Flying Knee+1","floor":29}],"player_experience":721524,"relics_obtained":[{"floor":7,"key":"Centennial Puzzle"},{"floor":9,"key":"Anchor"},{"floor":11,"key":"Pantograph"},{"floor":21,"key":"InkBottle"},{"floor":24,"key":"Toy Ornithopter"},{"floor":25,"key":"Red Mask"},{"floor":26,"key":"Bronze Scales"},{"floor":28,"key":"CeramicFish"}],"event_choices":[{"damage_healed":0,"gold_gain":0,"player_choice":"Lose Max HP","damage_taken":0,"relics_obtained":["Golden Idol"],"max_hp_gain":0,"max_hp_loss":5,"event_name":"Golden Idol","floor":2,"gold_loss":0},{"damage_healed":0,"gold_gain":0,"player_choice":"Donut","damage_taken":0,"max_hp_gain":5,"max_hp_loss":0,"event_name":"Big Fish","floor":5,"gold_loss":0},{"damage_healed":0,"gold_gain":0,"player_choice":"Ignored","damage_taken":0,"max_hp_gain":0,"max_hp_loss":0,"event_name":"NoteForYourself","floor":19,"gold_loss":0},{"damage_healed":0,"gold_gain":0,"player_choice":"Fought Bandits","damage_taken":0,"max_hp_gain":0,"max_hp_loss":0,"event_name":"Masked Bandits","floor":25,"gold_loss":0}],"is_beta":false,"boss_relics":[{"not_picked":["SacredBark","Sozu"],"picked":"HoveringKite"}],"items_purged_floors":[22],"is_endless":false,"potions_floor_spawned":[3,4,7,13,18,20,24,28],"killed_by":"Cultist and Chosen","ascension_level":7}