{"gold_per_floor":[366,25,42,58,75,75,109,124,124,124,124,136,163,174,174,275,275,289,289,304,4,15,15,40,40,65,65,65,95,107,126,126,228,278,291,46,61,0,20,47,65,85,85,85,112,112,132,181,181,181,181,181,14,40,40],"floor_reached":55,"playtime":3682,"items_purged":["Strike_G","Strike_G"],"score":1343,"play_id":"bacff0fe-673e-461b-82b5-63ad898a393d","local_time":"20230925015921","is_ascension_mode":true,"campfire_choices":[{"data":"Poisoned Stab","floor":6,"key":"SMITH"},{"data":"Dagger Throw","floor":11,"key":"SMITH"},{"data":"All Out Attack","floor":15,"key":"SMITH"},{"data":"Cloak And Dagger","floor":23,"key":"SMITH"},{"data":"Burst","floor":25,"key":"SMITH"},{"data":"Blade Dance","floor":27,"key":"SMITH"},{"data":"Neutralize","floor":32,"key":"SMITH"},{"data":"Venomology","floor":44,"key":"SMITH"},{"data":"Outmaneuver","floor":46,"key":"SMITH"},{"floor":49,"key":"RECALL"},{"data":"Tactician","floor":52,"key":"SMITH"}],"neow_cost":"TEN_PERCENT_HP_LOSS","seed_source_timestamp":684192536889200,"circlet_count":0,"master_deck":["Strike_G","Strike_G","Defend_G","Defend_G","Defend_G","Defend_G","Defend_G","Survivor","Neutralize+1","Dagger Throw+1","Dramatic Entrance","Footwork+1","Poisoned Stab+1","Backflip","All Out Attack+1","Noxious Fumes","Acrobatics+1","Deflect","Catalyst","Burst+1","Footwork+1","Blade Dance+1","Cloak And Dagger+1","Dodge and Roll+1","Cloak And Dagger+1","Acrobatics","Accuracy+1","Blur+1","Venomology+1","Prepared+1","Acrobatics","Acrobatics+1","Dodge and Roll","Cloak And Dagger+1","Concentrate+1","Outmaneuver+1","Escape Plan+1","Tactician+1","Caltrops+1","Reflex+1"],"relics":["Ring of the Snake","Nunchaku","MealTicket","Frozen Egg 2","StrikeDummy","Philosopher\u0027s Stone","Letter Opener","Shuriken","Toy Ornithopter","Prayer Wheel","Tiny House","Kunai","Red Mask","Gambling Chip","Molten Egg 2","Calipers","StoneCalendar","Bag of Marbles"],"potions_floor_usage":[13,16,16,18,18,29,29,33,35,39,45,45,48,50,54,54,54,55,55],"damage_taken":[{"damage":8,"enemies":"Cultist","floor":1,"turns":4},{"damage":0,"enemies":"Small Slimes","floor":3,"turns":3},{"damage":2,"enemies":"Jaw Worm","floor":4,"turns":3},{"damage":2,"enemies":"Lots of Slimes","floor":5,"turns":2},{"damage":10,"enemies":"Lagavulin","floor":7,"turns":10},{"damage":0,"enemies":"2 Fungi Beasts","floor":8,"turns":3},{"damage":0,"enemies":"Large Slime","floor":12,"turns":7},{"damage":6,"enemies":"Gremlin Nob","floor":13,"turns":4},{"damage":0,"enemies":"3 Louse","floor":14,"turns":2},{"damage":22,"enemies":"Slime Boss","floor":16,"turns":11},{"damage":5,"enemies":"2 Thieves","floor":18,"turns":5},{"damage":10,"enemies":"Spheric Guardian","floor":20,"turns":6},{"damage":0,"enemies":"3 Cultists","floor":22,"turns":5},{"damage":28,"enemies":"Book of Stabbing","floor":24,"turns":6},{"damage":0,"enemies":"Gremlin Leader","floor":29,"turns":6},{"damage":9,"enemies":"Cultist and Chosen","floor":30,"turns":5},{"damage":0,"enemies":"Snecko","floor":31,"turns":4},{"damage":0,"enemies":"Champ","floor":33,"turns":10},{"damage":14,"enemies":"3 Shapes","floor":35,"turns":4},{"damage":0,"enemies":"Orb Walker","floor":37,"turns":3},{"damage":0,"enemies":"Writhing Mass","floor":39,"turns":9},{"damage":0,"enemies":"Nemesis","floor":40,"turns":13},{"damage":0,"enemies":"Sphere and 2 Shapes","floor":41,"turns":4},{"damage":0,"enemies":"4 Shapes","floor":42,"turns":7},{"damage":1,"enemies":"Giant Head","floor":45,"turns":7},{"damage":0,"enemies":"Maw","floor":47,"turns":6},{"damage":0,"enemies":"2 Orb Walkers","floor":48,"turns":3},{"damage":0,"enemies":"Awakened One","floor":50,"turns":13},{"damage":21,"enemies":"Shield and Spear","floor":54,"turns":6},{"damage":95,"enemies":"The Heart","floor":55,"turns":3}],"seed_played":"-3252476265625190788","potions_obtained":[{"floor":1,"key":"SmokeBomb"},{"floor":4,"key":"DuplicationPotion"},{"floor":8,"key":"Strength Potion"},{"floor":14,"key":"EntropicBrew"},{"floor":16,"key":"SkillPotion"},{"floor":22,"key":"Regen Potion"},{"floor":30,"key":"SpeedPotion"},{"floor":31,"key":"SkillPotion"},{"floor":33,"key":"Block Potion"},{"floor":34,"key":"GamblersBrew"},{"floor":45,"key":"Energy Potion"}],"is_trial":false,"path_per_floor":["M","$","M","M","M","R","E","M","T","?","R","M","E","M","R","B",null,"M","?","M","$","M","R","E","R","T","R","?","E","M","M","R","B",null,"M","$","M","?","M","E","M","M","T","R","E","R","M","?","R","B",null,"R","$","E","B"],"character_chosen":"THE_SILENT","items_purchased":["Dramatic Entrance","Footwork","Nunchaku","Shuriken","Blade Dance","Kunai","Caltrops+1"],"campfire_rested":0,"item_purchase_floors":[2,2,2,21,21,36,53],"current_hp_per_floor":[55,55,55,53,51,51,41,41,41,41,41,41,35,35,35,13,51,46,46,36,51,51,51,23,23,23,23,23,63,54,54,54,59,67,58,68,68,68,68,68,68,68,68,68,67,67,67,68,68,68,68,68,68,52,0],"gold":40,"neow_bonus":"TWO_FIFTY_GOLD","is_prod":false,"is_daily":false,"chose_seed":false,"campfire_upgraded":10,"win_rate":0,"timestamp":1695632361,"path_taken":["M","$","M","?","M","R","E","M","T","?","R","M","E","M","R","BOSS","M","?","?","$","M","R","E","R","T","R","?","E","M","M","R","BOSS","M","?","M","?","M","E","M","M","T","R","E","R","M","?","R","BOSS","R","$","E","BOSS"],"build_version":"2022-12-18","purchased_purges":2,"victory":false,"max_hp_per_floor":[63,63,63,63,63,63,63,63,63,63,63,63,63,63,63,63,63,63,63,63,63,63,63,63,63,63,63,63,63,63,63,63,63,68,68,68,68,68,68,68,68,68,68,68,68,68,68,68,68,68,68,68,68,68,68],"card_choices":[{"not_picked":["Noxious Fumes","Quick Slash"],"picked":"Dagger Throw","floor":1},{"not_picked":["Catalyst","Deflect"],"picked":"Poisoned Stab","floor":3},{"not_picked":["Underhanded Strike","Cloak And Dagger"],"picked":"Backflip","floor":4},{"not_picked":["PiercingWail","Deflect","Prepared"],"picked":"SKIP","floor":5},{"not_picked":["Flying Knee","Eviscerate"],"picked":"All Out Attack","floor":7},{"not_picked":["Acrobatics","Prepared"],"picked":"Noxious Fumes","floor":8},{"not_picked":["Tactician","Riddle With Holes"],"picked":"Acrobatics","floor":12},{"not_picked":["Acrobatics","Dagger Throw"],"picked":"Deflect","floor":13},{"not_picked":["Dodge and Roll","Predator"],"picked":"Catalyst","floor":14},{"not_picked":["Doppelganger","Phantasmal Killer"],"picked":"Burst","floor":16},{"not_picked":["PiercingWail","Skewer+1"],"picked":"Footwork+1","floor":18},{"not_picked":["Poisoned Stab","Outmaneuver","Slice"],"picked":"SKIP","floor":20},{"not_picked":["Deflect+1","Flechettes+1"],"picked":"Cloak And Dagger","floor":22},{"not_picked":["Deadly Poison","Outmaneuver"],"picked":"Dodge and Roll+1","floor":24},{"not_picked":["Burst","Terror"],"picked":"Cloak And Dagger+1","floor":29},{"not_picked":["Sucker Punch","Flying Knee+1"],"picked":"Acrobatics","floor":30},{"not_picked":["Bane","Setup+1","Tactician+1"],"picked":"SKIP","floor":30},{"not_picked":["Burst","Dagger Spray"],"picked":"Accuracy+1","floor":31},{"not_picked":["Slice+1","Flying Knee"],"picked":"Blur+1","floor":31},{"not_picked":["Glass Knife","A Thousand Cuts+1"],"picked":"Venomology","floor":33},{"not_picked":["Bane","Blur"],"picked":"Prepared+1","floor":34},{"not_picked":["Masterful Stab","Underhanded Strike+1"],"picked":"Acrobatics","floor":35},{"not_picked":["Infinite Blades+1","Sucker Punch","Dodge and Roll"],"picked":"SKIP","floor":35},{"not_picked":["Quick Slash+1","Riddle With Holes+1"],"picked":"Acrobatics+1","floor":37},{"not_picked":["Flying Knee+1","Skewer","Deadly Poison+1"],"picked":"SKIP","floor":37},{"not_picked":["Quick Slash","Flying Knee+1","Finisher"],"picked":"SKIP","floor":39},{"not_picked":["Choke","Distraction+1","Finisher"],"picked":"SKIP","floor":39},{"not_picked":["Dodge and Roll","Eviscerate","Infinite Blades+1"],"picked":"SKIP","floor":40},{"not_picked":["Eviscerate","Infinite Blades+1"],"picked":"Dodge and Roll","floor":40},{"not_picked":["Crippling Poison+1","Footwork+1"],"picked":"Cloak And Dagger+1","floor":41},{"not_picked":["Underhanded Strike","PiercingWail","All Out Attack"],"picked":"SKIP","floor":41},{"not_picked":["Blade Dance","Caltrops+1"],"picked":"Concentrate+1","floor":42},{"not_picked":["Dagger Throw+1","Die Die Die","Quick Slash+1"],"picked":"SKIP","floor":42},{"not_picked":["Poisoned Stab+1","Blade Dance"],"picked":"Outmaneuver","floor":45},{"not_picked":["Endless Agony+1","Backstab+1"],"picked":"Escape Plan+1","floor":47},{"not_picked":["Heel Hook+1","Deflect","Endless Agony+1"],"picked":"SKIP","floor":47},{"not_picked":["PiercingWail+1","Dash+1"],"picked":"Tactician","floor":48},{"not_picked":["Deflect+1","Flechettes+1"],"picked":"Reflex+1","floor":54}],"player_experience":744808,"relics_obtained":[{"floor":7,"key":"MealTicket"},{"floor":9,"key":"Frozen Egg 2"},{"floor":13,"key":"StrikeDummy"},{"floor":19,"key":"Letter Opener"},{"floor":24,"key":"Toy Ornithopter"},{"floor":29,"key":"Prayer Wheel"},{"floor":40,"key":"Gambling Chip"},{"floor":43,"key":"Molten Egg 2"},{"floor":45,"key":"Calipers"},{"floor":48,"key":"StoneCalendar"},{"floor":54,"key":"Bag of Marbles"}],"event_choices":[{"cards_removed":["Strike_G"],"damage_healed":0,"gold_gain":0,"player_choice":"Forget","damage_taken":0,"max_hp_gain":0,"max_hp_loss":0,"event_name":"Living Wall","floor":10,"gold_loss":0},{"damage_healed":0,"gold_gain":0,"player_choice":"Relic","damage_taken":0,"max_hp_gain":0,"max_hp_loss":0,"event_name":"Wheel of Change","floor":19,"gold_loss":0},{"damage_healed":0,"gold_gain":0,"player_choice":"Forge","damage_taken":0,"max_hp_gain":0,"max_hp_loss":0,"event_name":"Accursed Blacksmith","floor":28,"gold_loss":0,"cards_upgraded":["Footwork"]},{"damage_healed":0,"gold_gain":0,"player_choice":"Paid","damage_taken":0,"relics_obtained":["Red Mask"],"max_hp_gain":0,"max_hp_loss":0,"event_name":"Tomb of Lord Red Mask","floor":38,"gold_loss":61},{"damage_healed":0,"gold_gain":0,"player_choice":"Fight","damage_taken":0,"max_hp_gain":0,"max_hp_loss":0,"event_name":"Mysterious Sphere","floor":48,"gold_loss":0}],"is_beta":false,"boss_relics":[{"not_picked":["Fusion Hammer","Ectoplasm"],"picked":"Philosopher\u0027s Stone"},{"not_picked":["Velvet Choker","Busted Crown"],"picked":"Tiny House"}],"items_purged_floors":[2,53],"is_endless":false,"potions_floor_spawned":[1,4,8,14,16,22,30,31,33,40,45,47,48],"killed_by":"The Heart","ascension_level":8}