{"gold_per_floor":[113,125,125,145,164,164,184,217,217,217,235,310,310,342,342,342],"floor_reached":16,"playtime":724,"items_purged":[],"score":171,"play_id":"3b3105fb-d5e5-4e09-b4ae-73235ba4692b","local_time":"20230920211703","is_ascension_mode":true,"campfire_choices":[{"data":"Phantasmal Killer","floor":6,"key":"SMITH"},{"data":"Quick Slash","floor":10,"key":"SMITH"},{"data":"Footwork","floor":13,"key":"SMITH"},{"data":"Distraction","floor":15,"key":"SMITH"}],"neow_cost":"NONE","seed_source_timestamp":324583160025800,"circlet_count":0,"master_deck":["Strike_G","Strike_G","Strike_G","Strike_G","Defend_G","Defend_G","Defend_G","Defend_G","Defend_G","Survivor","Neutralize","Distraction+1","Slice","Poisoned Stab","Footwork+1","Phantasmal Killer+1","Quick Slash+1","Backflip","PiercingWail"],"relics":["Ring of the Snake","Shuriken","Omamori","HornCleat","Nunchaku"],"potions_floor_usage":[14,14,16],"damage_taken":[{"damage":12,"enemies":"Cultist","floor":1,"turns":7},{"damage":0,"enemies":"Small Slimes","floor":2,"turns":4},{"damage":0,"enemies":"2 Louse","floor":4,"turns":2},{"damage":0,"enemies":"2 Fungi Beasts","floor":5,"turns":4},{"damage":0,"enemies":"Blue Slaver","floor":7,"turns":3},{"damage":15,"enemies":"3 Sentries","floor":8,"turns":9},{"damage":11,"enemies":"Lots of Slimes","floor":11,"turns":4},{"damage":0,"enemies":"Gremlin Nob","floor":14,"turns":3},{"damage":31,"enemies":"Slime Boss","floor":16,"turns":10}],"seed_played":"-3352441248549663577","potions_obtained":[{"floor":1,"key":"Poison Potion"},{"floor":5,"key":"Swift Potion"},{"floor":8,"key":"GhostInAJar"}],"is_trial":false,"path_per_floor":["M","M","T","M","M","R","M","E","T","R","M","?","R","E","R","B"],"character_chosen":"THE_SILENT","items_purchased":[],"campfire_rested":0,"item_purchase_floors":[],"current_hp_per_floor":[58,58,58,58,58,58,58,43,43,43,32,25,25,25,25,0],"gold":342,"neow_bonus":"TRANSFORM_CARD","is_prod":false,"is_daily":false,"chose_seed":false,"campfire_upgraded":4,"win_rate":0,"timestamp":1695269823,"path_taken":["M","M","?","?","M","R","M","E","T","R","M","?","R","E","R","BOSS"],"build_version":"2022-12-18","purchased_purges":0,"victory":false,"max_hp_per_floor":[70,70,70,70,70,70,70,70,70,70,70,70,70,70,70,70],"card_choices":[{"not_picked":["Catalyst","Bane"],"picked":"Slice","floor":1},{"not_picked":["Bane","Acrobatics"],"picked":"Poisoned Stab","floor":2},{"not_picked":["Catalyst","Escape Plan"],"picked":"Footwork","floor":4},{"not_picked":["Bane","Prepared"],"picked":"Phantasmal Killer","floor":5},{"not_picked":["Dagger Spray","Sucker Punch","Outmaneuver"],"picked":"SKIP","floor":7},{"not_picked":["Doppelganger","Prepared"],"picked":"Quick Slash","floor":8},{"not_picked":["Acrobatics","Sucker Punch"],"picked":"Backflip","floor":11},{"not_picked":["Prepared","Dagger Throw"],"picked":"PiercingWail","floor":14}],"player_experience":687420,"relics_obtained":[{"floor":3,"key":"Shuriken"},{"floor":8,"key":"Omamori"},{"floor":9,"key":"HornCleat"},{"floor":14,"key":"Nunchaku"}],"event_choices":[{"damage_healed":0,"gold_gain":75,"player_choice":"Touch","damage_taken":7,"max_hp_gain":0,"max_hp_loss":0,"event_name":"FaceTrader","floor":12,"gold_loss":0}],"is_beta":false,"boss_relics":[],"items_purged_floors":[],"is_endless":false,"potions_floor_spawned":[1,5,8],"killed_by":"Slime Boss","ascension_level":5}