{"gold_per_floor":[16,16,30,49,62,62,88,53,102,102,113,128,160,160,160,160],"floor_reached":16,"playtime":1589,"items_purged":[],"score":134,"play_id":"d4f3b0c4-ce08-48ce-98a5-df9224a955f5","local_time":"20230919192459","is_ascension_mode":true,"campfire_choices":[{"data":"Dagger Spray","floor":6,"key":"SMITH"},{"data":"Sucker Punch","floor":10,"key":"SMITH"},{"floor":15,"key":"REST"}],"neow_cost":"NO_GOLD","seed_source_timestamp":230590484233600,"circlet_count":0,"master_deck":["Strike_G","Strike_G","Strike_G","Strike_G","Defend_G","Defend_G","Defend_G","Defend_G","Survivor","Neutralize","Dagger Spray+1","Sucker Punch+1","Acrobatics","Outmaneuver","Acrobatics","Tactician","Terror","Dagger Throw","Tools of the Trade","Backflip"],"relics":["Ring of the Snake","Kunai","Dream Catcher"],"potions_floor_usage":[13],"damage_taken":[{"damage":0,"enemies":"Cultist","floor":1,"turns":5},{"damage":0,"enemies":"2 Louse","floor":3,"turns":2},{"damage":0,"enemies":"Small Slimes","floor":4,"turns":3},{"damage":0,"enemies":"2 Fungi Beasts","floor":5,"turns":4},{"damage":17,"enemies":"Gremlin Nob","floor":7,"turns":5},{"damage":30,"enemies":"Exordium Thugs","floor":11,"turns":7},{"damage":1,"enemies":"Blue Slaver","floor":12,"turns":4},{"damage":19,"enemies":"3 Sentries","floor":13,"turns":6},{"damage":26,"enemies":"Slime Boss","floor":16,"turns":13}],"seed_played":"6994332089863674738","potions_obtained":[{"floor":4,"key":"Ancient Potion"},{"floor":11,"key":"LiquidBronze"},{"floor":12,"key":"SkillPotion"}],"is_trial":false,"path_per_floor":["M","$","M","M","M","R","E","$","T","R","M","M","E","?","R","B"],"character_chosen":"THE_SILENT","items_purchased":["Tactician"],"campfire_rested":1,"item_purchase_floors":[8],"current_hp_per_floor":[70,70,70,70,70,70,53,53,53,53,23,22,3,3,24,0],"gold":160,"neow_bonus":"REMOVE_TWO","is_prod":false,"is_daily":false,"chose_seed":false,"campfire_upgraded":2,"win_rate":0,"timestamp":1695176699,"path_taken":["M","?","M","M","M","R","E","$","T","R","M","M","E","?","R","BOSS"],"build_version":"2022-12-18","purchased_purges":0,"victory":false,"max_hp_per_floor":[70,70,70,70,70,70,70,70,70,70,70,70,70,70,70,70],"card_choices":[{"not_picked":["Deflect","Bane"],"picked":"Dagger Spray","floor":1},{"not_picked":["Catalyst","PiercingWail"],"picked":"Sucker Punch","floor":3},{"not_picked":["Dagger Throw","Eviscerate"],"picked":"Acrobatics","floor":4},{"not_picked":["Prepared","Sucker Punch"],"picked":"Outmaneuver","floor":5},{"not_picked":["Bullet Time","Concentrate"],"picked":"Acrobatics","floor":7},{"not_picked":["Prepared","Accuracy"],"picked":"Terror","floor":11},{"not_picked":["Riddle With Holes","Deadly Poison"],"picked":"Dagger Throw","floor":12},{"not_picked":["Dodge and Roll","Distraction"],"picked":"Tools of the Trade","floor":13},{"not_picked":["Accuracy","Sucker Punch"],"picked":"Backflip","floor":15}],"player_experience":668702,"relics_obtained":[{"floor":7,"key":"Kunai"},{"floor":13,"key":"Dream Catcher"}],"event_choices":[{"damage_healed":0,"gold_gain":0,"player_choice":"Leave","damage_taken":0,"max_hp_gain":0,"max_hp_loss":0,"event_name":"FaceTrader","floor":14,"gold_loss":0}],"is_beta":false,"boss_relics":[],"items_purged_floors":[],"is_endless":false,"potions_floor_spawned":[4,11,12],"killed_by":"Slime Boss","ascension_level":4}