{"gold_per_floor":[113,130,140,65,65,65,75,110,189,189,169,186,186,220,220,322,322,337,337,167,179,196,196,225,225,225,253,253,253,271,196,196,295,295,309,309,328,328,41,67,67,84,131,158,175,191,191,202,202,202,202,202,14,44,44],"floor_reached":55,"playtime":3171,"items_purged":["Defend_G","Strike_G"],"score":1013,"play_id":"30be754d-6ea4-4154-8177-279c1e946d66","local_time":"20230924143400","is_ascension_mode":true,"campfire_choices":[{"data":"All Out Attack","floor":6.0,"key":"SMITH"},{"data":"Dash","floor":10.0,"key":"SMITH"},{"data":"Neutralize","floor":13.0,"key":"SMITH"},{"data":"Backflip","floor":15.0,"key":"SMITH"},{"data":"After Image","floor":23.0,"key":"SMITH"},{"data":"Deadly Poison","floor":25.0,"key":"SMITH"},{"data":"Leg Sweep","floor":29.0,"key":"SMITH"},{"data":"Bouncing Flask","floor":32.0,"key":"SMITH"},{"data":"Footwork","floor":41,"key":"SMITH"},{"floor":47,"key":"REST"},{"floor":49,"key":"RECALL"},{"data":"Venomology","floor":52,"key":"SMITH"}],"neow_cost":"PERCENT_DAMAGE","seed_source_timestamp":643540814805100,"circlet_count":0,"master_deck":["Defend_G+1","Defend_G+1","Survivor","Neutralize+1","Dash+1","All Out Attack+1","Backflip","Blur","Adrenaline","After Image+1","Quick Slash+1","Leg Sweep+1","PiercingWail","After Image","Deadly Poison+1","Acrobatics","Bouncing Flask+1","Venomology+1","Die Die Die+1","Grand Finale+1","Poisoned Stab+1","Corpse Explosion","Footwork+1","Blur","Acrobatics+1","Footwork","After Image"],"special_seed":0,"relics":["Ring of the Snake","Ice Cream","Philosopher\u0027s Stone","Nloth\u0027s Gift","Bottled Flame","The Courier","Girya","Astrolabe","Torii","Nunchaku","Anchor","Sundial","OrangePellets","Strawberry"],"potions_floor_usage":[40,40,40,44,44,46,50,50,54,55,55,55],"damage_taken":[{"damage":0.0,"enemies":"Small Slimes","floor":1.0,"turns":4.0},{"damage":0.0,"enemies":"2 Louse","floor":2.0,"turns":4.0},{"damage":0.0,"enemies":"Cultist","floor":3.0,"turns":4.0},{"damage":0.0,"enemies":"Red Slaver","floor":7.0,"turns":4.0},{"damage":24.0,"enemies":"Gremlin Nob","floor":8.0,"turns":5.0},{"damage":0.0,"enemies":"Looter","floor":12.0,"turns":3.0},{"damage":10.0,"enemies":"3 Sentries","floor":14.0,"turns":10.0},{"damage":8.0,"enemies":"The Guardian","floor":16.0,"turns":17.0},{"damage":0.0,"enemies":"Chosen","floor":18.0,"turns":7.0},{"damage":1.0,"enemies":"Shell Parasite","floor":21.0,"turns":5.0},{"damage":3.0,"enemies":"Snake Plant","floor":22.0,"turns":5.0},{"damage":7.0,"enemies":"Slavers","floor":24.0,"turns":6.0},{"damage":20.0,"enemies":"Book of Stabbing","floor":27.0,"turns":6.0},{"damage":0.0,"enemies":"3 Cultists","floor":30.0,"turns":4.0},{"damage":13.0,"enemies":"Collector","floor":33.0,"turns":11.0},{"damage":0.0,"enemies":"3 Shapes","floor":35.0,"turns":6.0},{"damage":7,"enemies":"Orb Walker","floor":37,"turns":4},{"damage":0,"enemies":"Reptomancer","floor":40,"turns":6},{"damage":26,"enemies":"Jaw Worm Horde","floor":42,"turns":3},{"damage":2,"enemies":"Nemesis","floor":44,"turns":9},{"damage":1,"enemies":"4 Shapes","floor":45,"turns":5},{"damage":3,"enemies":"3 Darklings","floor":46,"turns":3},{"damage":1,"enemies":"Spire Growth","floor":48,"turns":7},{"damage":10,"enemies":"Awakened One","floor":50,"turns":22},{"damage":55,"enemies":"Shield and Spear","floor":54,"turns":16},{"damage":30,"enemies":"The Heart","floor":55,"turns":3}],"seed_played":"-5693342858788542830","potions_obtained":[{"floor":1.0,"key":"Poison Potion"},{"floor":8.0,"key":"Fire Potion"},{"floor":11.0,"key":"Fruit Juice"},{"floor":16.0,"key":"Fire Potion"},{"floor":18.0,"key":"ColorlessPotion"},{"floor":21.0,"key":"Explosive Potion"},{"floor":30.0,"key":"Dexterity Potion"},{"floor":33.0,"key":"SteroidPotion"},{"floor":40,"key":"CultistPotion"},{"floor":48,"key":"PowerPotion"}],"is_trial":false,"path_per_floor":["M","M","M","$","?","R","M","E","T","R","?","M","R","E","R","B",null,"M","?","$","M","M","R","E","R","T","E","?","R","M","?","R","B",null,"M","?","M","?","$","E","R","M","T","E","M","M","R","M","R","B",null,"R","$","E","B"],"character_chosen":"THE_SILENT","items_purchased":["Leg Sweep","Torii","Footwork","OrangePellets","Footwork"],"campfire_rested":1,"item_purchase_floors":[20,39,39,53,53],"current_hp_per_floor":[45,45,45,45,68,68,68,44,44,44,49,49,49,39,39,31,64,64,64,64,63,60,60,53,53,53,33,33,33,33,33,33,20,61,61,61,54,54,54,54,54,28,28,26,25,22,44,43,43,33,65,65,65,17,0],"gold":44,"neow_bonus":"REMOVE_TWO","is_prod":false,"is_daily":false,"chose_seed":false,"campfire_upgraded":10,"win_rate":0,"timestamp":1695591240,"path_taken":["M","M","M","$","?","R","M","E","T","R","?","M","R","E","R","BOSS","M","?","$","M","?","R","E","R","T","E","?","R","M","?","R","BOSS","M","?","M","?","$","E","R","M","T","E","M","M","R","M","R","BOSS","R","$","E","BOSS"],"build_version":"2022-12-18","purchased_purges":2,"victory":false,"max_hp_per_floor":[70,70,70,70,70,70,70,70,70,70,75,75,75,75,75,75,75,75,75,75,75,75,75,75,75,75,75,75,75,75,75,75,75,75,75,75,75,75,75,75,75,75,75,75,75,75,75,75,75,75,75,75,75,82,82],"card_choices":[{"not_picked":["Blur","Prepared"],"picked":"Dash","floor":1.0},{"not_picked":["Dodge and Roll","Prepared"],"picked":"All Out Attack","floor":2.0},{"not_picked":["Deflect","Dodge and Roll"],"picked":"Backflip","floor":3.0},{"not_picked":["Outmaneuver","Prepared"],"picked":"Backflip","floor":7.0},{"not_picked":["Storm of Steel","Deflect","Dash"],"picked":"SKIP","floor":8.0},{"not_picked":["Heel Hook","Cloak And Dagger"],"picked":"Blur","floor":12.0},{"not_picked":["Escape Plan","All Out Attack"],"picked":"Adrenaline","floor":14.0},{"not_picked":["Unload","Burst"],"picked":"After Image","floor":16.0},{"not_picked":["Blur","Bane+1"],"picked":"Quick Slash+1","floor":18.0},{"not_picked":["Backflip","Predator"],"picked":"PiercingWail","floor":21.0},{"not_picked":["Wraith Form v2","Backstab"],"picked":"After Image","floor":22.0},{"not_picked":["Tactician+1","Dash+1"],"picked":"Deadly Poison","floor":24.0},{"not_picked":["Leg Sweep","Concentrate"],"picked":"Acrobatics","floor":27.0},{"not_picked":["Backflip","Predator"],"picked":"Bouncing Flask","floor":30.0},{"not_picked":["Phantasmal Killer","Corpse Explosion"],"picked":"Venomology","floor":33.0},{"not_picked":["Poisoned Stab","Acrobatics"],"picked":"Corpse Explosion","floor":35},{"not_picked":["Dagger Throw+1","Bane","Setup+1"],"picked":"SKIP","floor":37},{"not_picked":["Backstab","Unload"],"picked":"Blur","floor":40},{"not_picked":["Dagger Spray","Dash"],"picked":"Acrobatics+1","floor":42},{"not_picked":["Wraith Form v2","A Thousand Cuts","Storm of Steel"],"picked":"SKIP","floor":44},{"not_picked":["Flying Knee+1","Quick Slash+1","Finisher"],"picked":"SKIP","floor":45},{"not_picked":["Dagger Spray+1","Wraith Form v2","Sucker Punch+1"],"picked":"SKIP","floor":46},{"not_picked":["Slice+1","Infinite Blades","All Out Attack"],"picked":"SKIP","floor":48},{"not_picked":["Quick Slash+1","Endless Agony+1"],"picked":"After Image","floor":54}],"player_experience":726637,"relics_obtained":[{"floor":8.0,"key":"Ice Cream"},{"floor":14.0,"key":"Snake Skull"},{"floor":24.0,"key":"Bottled Flame"},{"floor":26.0,"key":"The Courier"},{"floor":27.0,"key":"Girya"},{"floor":40,"key":"Nunchaku"},{"floor":43,"key":"Anchor"},{"floor":44,"key":"Sundial"},{"floor":54,"key":"Strawberry"}],"event_choices":[{"damage_healed":23.0,"max_hp_gain":0.0,"max_hp_loss":0.0,"gold_gain":0.0,"event_name":"Big Fish","player_choice":"Banana","floor":5.0,"gold_loss":0.0,"damage_taken":0.0},{"damage_healed":0.0,"max_hp_gain":0.0,"max_hp_loss":0.0,"gold_gain":0.0,"event_name":"The Woman in Blue","player_choice":"Bought 1 Potion","floor":11.0,"gold_loss":0.0,"damage_taken":0.0},{"damage_healed":0.0,"max_hp_gain":0.0,"max_hp_loss":0.0,"gold_gain":0.0,"event_name":"N\u0027loth","player_choice":"Traded Relic","floor":19.0,"relics_lost":["Snake Skull"],"gold_loss":0.0,"damage_taken":0.0,"relics_obtained":["Nloth\u0027s Gift"]},{"damage_healed":0.0,"max_hp_gain":0.0,"max_hp_loss":0.0,"gold_gain":0.0,"event_name":"Back to Basics","player_choice":"Simplicity","floor":28.0,"gold_loss":0.0,"damage_taken":0.0,"cards_upgraded":["Strike_G","Strike_G","Strike_G","Defend_G","Defend_G","Defend_G"]},{"cards_removed":["Strike_G"],"damage_healed":0.0,"max_hp_gain":0.0,"max_hp_loss":0.0,"gold_gain":0.0,"event_name":"Beggar","player_choice":"Gave Gold","floor":31.0,"gold_loss":75.0,"damage_taken":0.0},{"cards_removed":["Backflip"],"damage_healed":0,"gold_gain":0,"player_choice":"Removed Skill","damage_taken":0,"max_hp_gain":0,"max_hp_loss":0,"event_name":"Falling","floor":36,"gold_loss":0},{"damage_healed":0,"gold_gain":0,"player_choice":"Ignored","damage_taken":0,"max_hp_gain":0,"max_hp_loss":0,"event_name":"Tomb of Lord Red Mask","floor":38,"gold_loss":0}],"is_beta":false,"boss_relics":[{"not_picked":["Sozu","Calling Bell"],"picked":"Philosopher\u0027s Stone"},{"not_picked":["SacredBark","SlaversCollar"],"picked":"Astrolabe"}],"items_purged_floors":[4,20],"is_endless":false,"potions_floor_spawned":[1,8,16,18,21,30,33,37,40,48],"killed_by":"The Heart","ascension_level":7}