{"gold_per_floor":[119,119,139,152,152,177,177,209,209,11,11,31,31,42,42,145,145,156,41,41,60,88,88,114,114,114,126,138,2,21,56,56,152,152,168,1,19,19,19,19,49,49,49,49,49,76,92,109,109,109,109,109,61,91,91],"floor_reached":56,"playtime":2390,"items_purged":["Strike_G","Strike_G"],"score":1585,"play_id":"1c036342-fa51-4860-89f6-2b09ac367bc0","local_time":"20230918011853","is_ascension_mode":true,"campfire_choices":[{"data":"Glass Knife","floor":7,"key":"SMITH"},{"data":"Dagger Spray","floor":11,"key":"SMITH"},{"data":"Neutralize","floor":15,"key":"SMITH"},{"data":"Eviscerate","floor":23,"key":"SMITH"},{"data":"Caltrops","floor":25,"key":"SMITH"},{"data":"PiercingWail","floor":28,"key":"SMITH"},{"data":"Footwork","floor":32,"key":"SMITH"},{"data":"Dagger Throw","floor":40,"key":"SMITH"},{"data":"Survivor","floor":42,"key":"SMITH"},{"floor":45,"key":"RECALL"},{"data":"Defend_G","floor":49,"key":"SMITH"},{"data":"Defend_G","floor":52,"key":"SMITH"}],"neow_cost":"NONE","seed_source_timestamp":78203348700300,"circlet_count":0,"master_deck":["Strike_G","Strike_G","Defend_G","Defend_G+1","Defend_G","Defend_G+1","Defend_G+1","Survivor+1","Neutralize+1","Deadly Poison+1","Dagger Spray+1","PiercingWail+1","Glass Knife+1","Backflip+1","Dagger Throw+1","Prepared+1","Malaise+1","Caltrops+1","Calculated Gamble+1","Reflex+1","PiercingWail+1","Eviscerate+1","Calculated Gamble+1","Footwork+1","Acrobatics+1","Backflip+1","Adrenaline+1","Eviscerate+1","Tactician+1","Blur+1","Adrenaline+1","Dodge and Roll+1","Caltrops+1"],"relics":["Ring of the Snake","Potion Belt","Matryoshka","Tingsha","Bottled Flame","Lantern","Toxic Egg 2","Lee\u0027s Waffle","SlaversCollar","Red Mask","InkBottle","Tiny Chest","MawBank","FossilizedHelix","HoveringKite","Bag of Marbles","TungstenRod","The Specimen","Oddly Smooth Stone","Paper Crane"],"potions_floor_usage":[8,24,55,55,55,55,55],"damage_taken":[{"damage":0,"enemies":"Cultist","floor":1,"turns":4},{"damage":0,"enemies":"Jaw Worm","floor":3,"turns":4},{"damage":0,"enemies":"2 Louse","floor":4,"turns":3},{"damage":30,"enemies":"3 Sentries","floor":6,"turns":9},{"damage":9,"enemies":"Lagavulin","floor":8,"turns":6},{"damage":0,"enemies":"Large Slime","floor":12,"turns":4},{"damage":0,"enemies":"3 Louse","floor":14,"turns":1},{"damage":16,"enemies":"Hexaghost","floor":16,"turns":9},{"damage":3,"enemies":"3 Byrds","floor":18,"turns":5},{"damage":0,"enemies":"Chosen","floor":21,"turns":3},{"damage":2,"enemies":"Masked Bandits","floor":22,"turns":3},{"damage":10,"enemies":"Book of Stabbing","floor":24,"turns":4},{"damage":3,"enemies":"Snecko","floor":30,"turns":3},{"damage":10,"enemies":"Gremlin Leader","floor":31,"turns":5},{"damage":0,"enemies":"Collector","floor":33,"turns":9},{"damage":0,"enemies":"Orb Walker","floor":35,"turns":2},{"damage":0,"enemies":"3 Shapes","floor":37,"turns":3},{"damage":0,"enemies":"Giant Head","floor":41,"turns":3},{"damage":0,"enemies":"Nemesis","floor":46,"turns":1},{"damage":0,"enemies":"Jaw Worm Horde","floor":47,"turns":3},{"damage":13,"enemies":"Transient","floor":48,"turns":5},{"damage":0,"enemies":"Awakened One","floor":50,"turns":8},{"damage":0,"enemies":"Shield and Spear","floor":54,"turns":5},{"damage":0,"enemies":"The Heart","floor":55,"turns":8}],"seed_played":"6880222779547613229","potions_obtained":[{"floor":4,"key":"PowerPotion"},{"floor":14,"key":"AttackPotion"},{"floor":22,"key":"AttackPotion"},{"floor":31,"key":"PowerPotion"},{"floor":33,"key":"Ancient Potion"},{"floor":35,"key":"SkillPotion"},{"floor":46,"key":"Ancient Potion"}],"is_trial":false,"path_per_floor":["M","T","M","M","?","E","R","E","T","$","R","M","?","M","R","B",null,"M","$","?","M","?","R","E","R","T","T","R","$","M","E","R","B",null,"M","$","M","?","$","R","E","R","T","T","R","E","M","M","R","B",null,"R","$","E","B",null],"character_chosen":"THE_SILENT","items_purchased":["Lee\u0027s Waffle","Backflip+1","Calculated Gamble+1","Reflex+1","Footwork","Tactician+1","Dexterity Potion"],"campfire_rested":0,"item_purchase_floors":[10,10,19,19,29,36,53],"current_hp_per_floor":[70,70,70,70,56,26,26,17,17,77,77,77,77,77,77,61,77,74,74,74,74,72,72,62,62,62,62,62,62,59,49,49,49,77,77,77,77,77,77,77,77,77,77,77,77,77,77,64,64,64,77,77,77,77,77],"gold":91,"neow_bonus":"RANDOM_COMMON_RELIC","is_prod":false,"is_daily":false,"chose_seed":false,"campfire_upgraded":11,"win_rate":0,"timestamp":1695025133,"path_taken":["M","?","M","M","?","E","R","E","T","$","R","M","?","M","R","BOSS","M","$","?","M","?","R","E","R","T","?","R","$","M","E","R","BOSS","M","$","?","?","$","R","E","R","T","?","R","E","?","M","R","BOSS","R","$","E","BOSS"],"build_version":"2022-12-18","purchased_purges":2,"victory":true,"max_hp_per_floor":[70,70,70,70,70,70,70,70,70,77,77,77,77,77,77,77,77,77,77,77,77,77,77,77,77,77,77,77,77,77,77,77,77,77,77,77,77,77,77,77,77,77,77,77,77,77,77,77,77,77,77,77,77,77,77],"card_choices":[{"not_picked":["Flying Knee","Acrobatics"],"picked":"Deadly Poison","floor":1},{"not_picked":["Dodge and Roll","Reflex"],"picked":"Dagger Spray","floor":3},{"not_picked":["Backflip","Prepared"],"picked":"PiercingWail","floor":4},{"not_picked":["Dagger Throw","Acrobatics"],"picked":"Glass Knife","floor":6},{"not_picked":["Blur","Deadly Poison","Dagger Spray"],"picked":"SKIP","floor":8},{"not_picked":["Quick Slash","Dodge and Roll+1"],"picked":"Dagger Throw","floor":12},{"not_picked":["Cloak And Dagger+1","Footwork"],"picked":"Prepared+1","floor":14},{"not_picked":["Phantasmal Killer+1","Die Die Die"],"picked":"Malaise+1","floor":16},{"not_picked":["Blade Dance+1","Endless Agony+1"],"picked":"Caltrops","floor":18},{"not_picked":["Dagger Throw","Blade Dance+1"],"picked":"PiercingWail+1","floor":21},{"not_picked":["Slice","Dagger Spray"],"picked":"Eviscerate","floor":22},{"not_picked":["Finisher","Noxious Fumes+1"],"picked":"Calculated Gamble+1","floor":24},{"not_picked":["Backflip+1","Endless Agony+1"],"picked":"Acrobatics+1","floor":30},{"not_picked":["Noxious Fumes+1","Quick Slash"],"picked":"Backflip+1","floor":31},{"not_picked":["Envenom","Grand Finale"],"picked":"Adrenaline+1","floor":33},{"not_picked":["Escape Plan+1","Blade Dance+1"],"picked":"Eviscerate+1","floor":35},{"not_picked":["Accuracy+1","Underhanded Strike","Slice+1"],"picked":"SKIP","floor":37},{"not_picked":["PiercingWail+1","Poisoned Stab+1"],"picked":"Blur+1","floor":41},{"not_picked":["Flying Knee","Dagger Throw+1"],"picked":"Adrenaline+1","floor":46},{"not_picked":["Dagger Throw","Deadly Poison+1"],"picked":"Dodge and Roll+1","floor":47},{"not_picked":["Sucker Punch+1","Riddle With Holes+1","Bane"],"picked":"SKIP","floor":48},{"not_picked":["Predator","Infinite Blades+1"],"picked":"Caltrops+1","floor":54}],"player_experience":633142,"relics_obtained":[{"floor":2,"key":"Matryoshka"},{"floor":6,"key":"Tingsha"},{"floor":8,"key":"Bottled Flame"},{"floor":9,"key":"Lantern"},{"floor":9,"key":"Toxic Egg 2"},{"floor":22,"key":"Red Mask"},{"floor":24,"key":"InkBottle"},{"floor":26,"key":"Tiny Chest"},{"floor":26,"key":"MawBank"},{"floor":31,"key":"FossilizedHelix"},{"floor":41,"key":"Bag of Marbles"},{"floor":43,"key":"TungstenRod"},{"floor":44,"key":"The Specimen"},{"floor":46,"key":"Oddly Smooth Stone"},{"floor":54,"key":"Paper Crane"}],"event_choices":[{"damage_healed":0,"gold_gain":0,"player_choice":"Entered Light","damage_taken":14,"max_hp_gain":0,"max_hp_loss":0,"event_name":"Shining Light","floor":5,"gold_loss":0,"cards_upgraded":["Deadly Poison","Defend_G"]},{"damage_healed":0,"gold_gain":0,"player_choice":"Ignored","damage_taken":0,"max_hp_gain":0,"max_hp_loss":0,"event_name":"Liars Game","floor":13,"gold_loss":0},{"damage_healed":0,"gold_gain":0,"player_choice":"Fought Bandits","damage_taken":0,"max_hp_gain":0,"max_hp_loss":0,"event_name":"Masked Bandits","floor":22,"gold_loss":0},{"cards_removed":["Strike_G"],"damage_healed":0,"gold_gain":0,"player_choice":"Removed Attack","damage_taken":0,"max_hp_gain":0,"max_hp_loss":0,"event_name":"Falling","floor":38,"gold_loss":0}],"is_beta":false,"boss_relics":[{"not_picked":["Velvet Choker","Runic Dome"],"picked":"SlaversCollar"},{"not_picked":["Fusion Hammer","Busted Crown"],"picked":"HoveringKite"}],"items_purged_floors":[29,36],"is_endless":false,"potions_floor_spawned":[4,14,22,31,33,35,46,47,48],"ascension_level":1}