{"gold_per_floor":[110,129,4,16,29,63,63,63,63,76,109,109,129,129,129,232,232,249,267,60,80,93,93,111,111,111,71,90,90,90,122,122,225,225,239,262,262,262,275,275,291,291,291,317,317,344,390,118,118,118,118,118,1,34,34],"floor_reached":56,"playtime":2596,"items_purged":["Strike_G","Dash+1"],"score":1741,"play_id":"3e64e256-7e53-4b5e-9e2d-24fcc46bdb4a","local_time":"20230924152416","is_ascension_mode":true,"campfire_choices":[{"data":"Blade Dance","floor":7,"key":"SMITH"},{"data":"Bane","floor":12,"key":"SMITH"},{"data":"After Image","floor":15,"key":"SMITH"},{"data":"Catalyst","floor":23,"key":"SMITH"},{"data":"After Image","floor":25,"key":"SMITH"},{"data":"Bouncing Flask","floor":30,"key":"SMITH"},{"data":"Deadly Poison","floor":32,"key":"SMITH"},{"data":"Prepared","floor":40,"key":"SMITH"},{"data":"Reflex","floor":42,"key":"SMITH"},{"floor":49,"key":"RECALL"},{"data":"Well Laid Plans","floor":52,"key":"SMITH"}],"neow_cost":"NONE","seed_source_timestamp":647164108505100,"circlet_count":0,"master_deck":["Survivor+1","Neutralize+1","Deadly Poison+1","Deadly Poison+1","Blade Dance+1","After Image+1","Footwork+1","Bane+1","Acrobatics+1","After Image+1","Dagger Throw+1","Deflect+1","Endless Agony+1","Footwork+1","After Image+1","Prepared+1","Catalyst+1","Bouncing Flask+1","Adrenaline+1","Sucker Punch+1","Reflex+1","Master of Strategy+1","Prepared+1","Burst+1","PiercingWail+1","Footwork+1","After Image+1","Blade Dance+1","Well Laid Plans+1","PanicButton","Footwork"],"relics":["Ring of the Snake","NeowsBlessing","Question Card","Mummified Hand","Bronze Scales","Pandora\u0027s Box","Letter Opener","Bottled Lightning","Philosopher\u0027s Stone","Blood Vial","Pantograph","TungstenRod","Mark of the Bloom","Centennial Puzzle","Thread and Needle","Membership Card","OrangePellets","Strawberry"],"potions_floor_usage":[6,6,11,16,33,47,54,55],"damage_taken":[{"damage":0,"enemies":"Cultist","floor":1,"turns":1},{"damage":0,"enemies":"Jaw Worm","floor":2,"turns":1},{"damage":0,"enemies":"2 Louse","floor":4,"turns":1},{"damage":5,"enemies":"Exordium Wildlife","floor":5,"turns":6},{"damage":12,"enemies":"3 Sentries","floor":6,"turns":7},{"damage":1,"enemies":"Exordium Thugs","floor":10,"turns":6},{"damage":4,"enemies":"Gremlin Nob","floor":11,"turns":4},{"damage":1,"enemies":"Red Slaver","floor":13,"turns":3},{"damage":31,"enemies":"Slime Boss","floor":16,"turns":9},{"damage":0,"enemies":"Chosen","floor":18,"turns":3},{"damage":0,"enemies":"Spheric Guardian","floor":19,"turns":3},{"damage":0,"enemies":"Cultist and Chosen","floor":21,"turns":4},{"damage":4,"enemies":"Centurion and Healer","floor":22,"turns":5},{"damage":2,"enemies":"Snake Plant","floor":24,"turns":3},{"damage":0,"enemies":"3 Cultists","floor":28,"turns":4},{"damage":4,"enemies":"Book of Stabbing","floor":31,"turns":4},{"damage":23,"enemies":"Automaton","floor":33,"turns":9},{"damage":0,"enemies":"3 Shapes","floor":35,"turns":5},{"damage":0,"enemies":"Orb Walker","floor":39,"turns":2},{"damage":0,"enemies":"3 Darklings","floor":41,"turns":5},{"damage":0,"enemies":"Nemesis","floor":44,"turns":5},{"damage":0,"enemies":"2 Orb Walkers","floor":47,"turns":4},{"damage":0,"enemies":"Donu and Deca","floor":50,"turns":9},{"damage":0,"enemies":"Shield and Spear","floor":54,"turns":5},{"damage":10,"enemies":"The Heart","floor":55,"turns":5}],"seed_played":"-5252555738858901934","potions_obtained":[{"floor":1,"key":"SkillPotion"},{"floor":4,"key":"FearPotion"},{"floor":5,"key":"Explosive Potion"},{"floor":6,"key":"DistilledChaos"},{"floor":13,"key":"Strength Potion"},{"floor":19,"key":"Energy Potion"},{"floor":22,"key":"Poison Potion"},{"floor":31,"key":"Dexterity Potion"},{"floor":35,"key":"Strength Potion"},{"floor":39,"key":"GamblersBrew"},{"floor":41,"key":"PowerPotion"}],"is_trial":false,"path_per_floor":["M","M","$","M","M","E","R","?","T","M","E","R","M","?","R","B",null,"M","M","$","M","M","R","M","R","T","?","M","$","R","E","R","B",null,"M","T","$","?","M","R","M","R","T","E","?","T","?","$","R","B",null,"R","$","E","B",null],"character_chosen":"THE_SILENT","items_purchased":["Blade Dance","Reflex","Master of Strategy","Membership Card","Well Laid Plans","PanicButton","OrangePellets","Footwork"],"campfire_rested":0,"item_purchase_floors":[3,20,20,48,48,48,53,53],"current_hp_per_floor":[63,63,63,63,58,46,46,43,43,42,38,38,37,37,37,6,54,54,54,54,54,50,50,48,48,48,48,48,48,48,44,44,21,58,58,58,58,58,60,60,62,62,62,64,64,64,64,64,64,64,64,64,64,64,54],"gold":34,"neow_bonus":"THREE_ENEMY_KILL","is_prod":false,"is_daily":false,"chose_seed":false,"campfire_upgraded":10,"win_rate":0,"timestamp":1695594256,"path_taken":["M","?","?","M","M","E","R","?","T","M","E","R","M","?","R","BOSS","M","M","$","M","M","R","M","R","T","?","M","?","R","E","R","BOSS","M","?","$","?","M","R","?","R","T","E","?","?","?","$","R","BOSS","R","$","E","BOSS"],"build_version":"2022-12-18","purchased_purges":2,"victory":true,"max_hp_per_floor":[70,70,70,70,70,70,70,70,70,70,70,70,70,70,70,70,70,70,70,70,70,70,70,70,70,70,70,70,70,70,70,70,70,70,70,70,70,70,70,70,70,70,70,70,70,70,70,70,70,70,70,70,70,77,77],"card_choices":[{"not_picked":["Reflex","Quick Slash"],"picked":"Deadly Poison","floor":1},{"not_picked":["Backflip","Dodge and Roll"],"picked":"Deadly Poison","floor":2},{"not_picked":["Deflect","Blur"],"picked":"Dash","floor":4},{"not_picked":["Riddle With Holes","Deflect","Dagger Spray"],"picked":"SKIP","floor":5},{"not_picked":["Prepared","Choke"],"picked":"After Image","floor":6},{"not_picked":["Slice","Sucker Punch","Flying Knee"],"picked":"Footwork","floor":10},{"not_picked":["Expertise","Backstab","Deflect"],"picked":"Bane","floor":11},{"not_picked":["Tactician","Prepared","Sucker Punch"],"picked":"Acrobatics","floor":13},{"not_picked":["Burst","Storm of Steel","Glass Knife"],"picked":"After Image","floor":16},{"not_picked":["Dagger Spray","Masterful Stab","Flying Knee"],"picked":"Sucker Punch+1","floor":18},{"not_picked":["Setup","Quick Slash","Terror","Deadly Poison"],"picked":"SKIP","floor":19},{"not_picked":["Deflect+1","Blade Dance","Dagger Spray"],"picked":"Prepared+1","floor":21},{"not_picked":["Prepared","Cloak And Dagger","Underhanded Strike"],"picked":"Burst","floor":22},{"not_picked":["Blade Dance","Underhanded Strike","Caltrops"],"picked":"PiercingWail+1","floor":24},{"not_picked":["Deadly Poison","Backflip","Masterful Stab"],"picked":"Footwork","floor":28},{"not_picked":["Endless Agony","Envenom","Dagger Spray","Flechettes+1"],"picked":"SKIP","floor":31},{"not_picked":["Grand Finale","Unload","Die Die Die"],"picked":"After Image","floor":33},{"not_picked":["Deadly Poison","Blade Dance","Dagger Spray","Dagger Throw+1"],"picked":"SKIP","floor":35},{"not_picked":["Riddle With Holes","PiercingWail","Predator+1"],"picked":"Blade Dance+1","floor":39},{"not_picked":["Deadly Poison+1","Backflip","Poisoned Stab","Caltrops"],"picked":"SKIP","floor":41},{"not_picked":["Skewer","Masterful Stab","Finisher+1","Deflect"],"picked":"SKIP","floor":44},{"not_picked":["Choke","Crippling Poison+1","Quick Slash","PiercingWail"],"picked":"SKIP","floor":54}],"player_experience":730189,"relics_obtained":[{"floor":6,"key":"Question Card"},{"floor":11,"key":"Bronze Scales"},{"floor":26,"key":"Letter Opener"},{"floor":31,"key":"Bottled Lightning"},{"floor":36,"key":"Blood Vial"},{"floor":43,"key":"Pantograph"},{"floor":44,"key":"TungstenRod"},{"floor":46,"key":"Centennial Puzzle"},{"floor":47,"key":"Thread and Needle"},{"floor":54,"key":"Strawberry"}],"event_choices":[{"damage_healed":0,"gold_gain":0,"player_choice":"Success","damage_taken":3,"relics_obtained":["Mummified Hand"],"max_hp_gain":0,"max_hp_loss":0,"event_name":"Scrap Ooze","floor":8,"gold_loss":0},{"damage_healed":0,"gold_gain":0,"player_choice":"Ignored","damage_taken":0,"max_hp_gain":0,"max_hp_loss":0,"event_name":"Liars Game","floor":14,"gold_loss":0},{"damage_healed":0,"gold_gain":0,"player_choice":"Upgrade","damage_taken":0,"max_hp_gain":0,"max_hp_loss":0,"event_name":"Designer","floor":27,"gold_loss":40,"cards_upgraded":["Burst"]},{"damage_healed":0,"gold_gain":0,"player_choice":"Ignored","damage_taken":0,"max_hp_gain":0,"max_hp_loss":0,"event_name":"SecretPortal","floor":38,"gold_loss":0},{"damage_healed":0,"gold_gain":0,"player_choice":"Upgrade","damage_taken":0,"relics_obtained":["Mark of the Bloom"],"max_hp_gain":0,"max_hp_loss":0,"event_name":"MindBloom","floor":45,"gold_loss":0,"cards_upgraded":["Survivor","Neutralize","Deadly Poison","Dash","Footwork","Acrobatics","Dagger Throw","Deflect","Endless Agony","Footwork","After Image","Adrenaline","Master of Strategy","Footwork","After Image"]},{"damage_healed":0,"gold_gain":0,"player_choice":"Fight","damage_taken":0,"max_hp_gain":0,"max_hp_loss":0,"event_name":"Mysterious Sphere","floor":47,"gold_loss":0}],"is_beta":false,"boss_relics":[{"not_picked":["Velvet Choker","Runic Pyramid"],"picked":"Pandora\u0027s Box"},{"not_picked":["Astrolabe","Runic Dome"],"picked":"Philosopher\u0027s Stone"}],"items_purged_floors":[3,48],"is_endless":false,"potions_floor_spawned":[1,4,5,6,13,19,22,24,31,35,39,41],"ascension_level":7}