{"gold_per_floor":[113,132,152,166,166,166,166,166,213,21,34,65,65,93,93,198,198,209,228,241,241,241,272,289,289,366,401,413,195,158,169,169,271,271,288,298,198,215,226,255,255,287,287,335,92,125,125,159,159,159,159,159,79,112,112],"floor_reached":56,"playtime":2740,"items_purged":["Decay","Strike_G"],"score":1444,"play_id":"6cb90e40-508d-4739-bf7f-c0af9eac50af","local_time":"20230918224608","is_ascension_mode":true,"campfire_choices":[{"data":"Crippling Poison","floor":6,"key":"SMITH"},{"data":"Deadly Poison","floor":8,"key":"SMITH"},{"data":"Blade Dance","floor":13,"key":"SMITH"},{"data":"Finisher","floor":15,"key":"SMITH"},{"data":"Tools of the Trade","floor":25,"key":"SMITH"},{"data":"Blade Dance","floor":28,"key":"SMITH"},{"data":"Phantasmal Killer","floor":32,"key":"SMITH"},{"data":"After Image","floor":41,"key":"SMITH"},{"data":"Footwork","floor":47,"key":"SMITH"},{"floor":49,"key":"RECALL"},{"data":"Acrobatics","floor":52,"key":"SMITH"}],"neow_cost":"NONE","seed_source_timestamp":155087339299600,"circlet_count":0,"master_deck":["Strike_G","Strike_G+1","Strike_G","Defend_G","Defend_G","Defend_G","Defend_G","Defend_G","Survivor","Neutralize+1","Deadly Poison+1","Finisher+1","Crippling Poison+1","Slice","Blade Dance+1","Leg Sweep","Phantasmal Killer+1","Blade Dance+1","Predator+1","Flash of Steel","Tools of the Trade+1","Acrobatics+1","Predator+1","Cloak And Dagger+1","After Image+1","Prepared+1","Prepared+1","Well Laid Plans+1","Footwork+1","Clumsy","Backflip+1","PiercingWail","Tactician"],"relics":["Ring of the Snake","Art of War","Bag of Preparation","Anchor","Incense Burner","Cursed Key","Meat on the Bone","Letter Opener","MawBank","Centennial Puzzle","SlaversCollar","Whetstone","Pantograph","Ice Cream","Shuriken","Ancient Tea Set","Blood Vial","Orichalcum"],"potions_floor_usage":[33,55,55],"damage_taken":[{"damage":0,"enemies":"2 Louse","floor":1,"turns":4},{"damage":0,"enemies":"Cultist","floor":2,"turns":3},{"damage":0,"enemies":"Small Slimes","floor":3,"turns":3},{"damage":16,"enemies":"Red Slaver","floor":4,"turns":5},{"damage":7,"enemies":"Gremlin Gang","floor":11,"turns":3},{"damage":5,"enemies":"Lagavulin","floor":12,"turns":5},{"damage":9,"enemies":"3 Sentries","floor":14,"turns":8},{"damage":6,"enemies":"The Guardian","floor":16,"turns":10},{"damage":0,"enemies":"Spheric Guardian","floor":18,"turns":1},{"damage":0,"enemies":"3 Byrds","floor":19,"turns":4},{"damage":4,"enemies":"Shelled Parasite and Fungi","floor":20,"turns":4},{"damage":20,"enemies":"Book of Stabbing","floor":23,"turns":5},{"damage":6,"enemies":"Centurion and Healer","floor":24,"turns":4},{"damage":0,"enemies":"Gremlin Leader","floor":27,"turns":4},{"damage":0,"enemies":"Chosen and Byrds","floor":31,"turns":3},{"damage":30,"enemies":"Collector","floor":33,"turns":5},{"damage":6,"enemies":"3 Darklings","floor":35,"turns":4},{"damage":0,"enemies":"Orb Walker","floor":36,"turns":2},{"damage":18,"enemies":"Sphere and 2 Shapes","floor":38,"turns":4},{"damage":10,"enemies":"Writhing Mass","floor":39,"turns":5},{"damage":7,"enemies":"Reptomancer","floor":40,"turns":5},{"damage":3,"enemies":"Nemesis","floor":42,"turns":5},{"damage":3,"enemies":"2 Orb Walkers","floor":44,"turns":5},{"damage":0,"enemies":"Giant Head","floor":46,"turns":4},{"damage":2,"enemies":"Nemesis","floor":48,"turns":3},{"damage":5,"enemies":"Time Eater","floor":50,"turns":7},{"damage":10,"enemies":"Shield and Spear","floor":54,"turns":4},{"damage":53,"enemies":"The Heart","floor":55,"turns":9}],"seed_played":"-7571047832923312777","potions_obtained":[{"floor":1,"key":"Dexterity Potion"},{"floor":3,"key":"EssenceOfSteel"},{"floor":4,"key":"Explosive Potion"},{"floor":12,"key":"Strength Potion"},{"floor":18,"key":"Dexterity Potion"},{"floor":35,"key":"Swift Potion"},{"floor":39,"key":"Strength Potion"},{"floor":46,"key":"FairyPotion"}],"is_trial":false,"path_per_floor":["M","M","M","M","?","R","?","R","T","$","M","E","R","E","R","B",null,"M","M","M","?","?","E","M","R","T","E","R","$","$","M","R","B",null,"M","M","$","M","M","E","R","E","T","?","$","E","R","E","R","B",null,"R","$","E","B",null],"character_chosen":"THE_SILENT","items_purchased":["Bag of Preparation","Blade Dance","Centennial Puzzle","Predator","Shuriken","Tactician"],"campfire_rested":0,"item_purchase_floors":[10,10,29,30,45,53],"current_hp_per_floor":[70,70,70,54,59,59,59,59,59,59,52,47,47,38,38,32,75,75,75,71,71,71,51,45,45,45,45,45,45,45,45,45,27,75,69,69,69,51,41,46,46,43,43,40,40,40,40,38,38,60,75,75,75,65,34],"gold":112,"neow_bonus":"UPGRADE_CARD","is_prod":false,"is_daily":false,"chose_seed":false,"campfire_upgraded":10,"win_rate":0,"timestamp":1695102368,"path_taken":["M","M","M","M","?","R","?","R","T","$","M","E","R","E","R","BOSS","M","M","?","?","?","E","?","R","T","E","R","?","$","M","R","BOSS","M","M","$","M","?","E","R","E","T","?","?","E","R","E","R","BOSS","R","$","E","BOSS"],"build_version":"2022-12-18","purchased_purges":2,"victory":true,"max_hp_per_floor":[70,70,70,70,75,75,75,75,75,75,75,75,75,75,75,75,75,75,75,75,75,75,75,75,75,75,75,75,75,75,75,75,75,75,75,75,75,75,75,75,75,75,75,75,75,75,75,75,75,75,75,75,75,75,75],"card_choices":[{"not_picked":["Endless Agony","PiercingWail"],"picked":"Deadly Poison","floor":1},{"not_picked":["Sucker Punch","Blur"],"picked":"Finisher","floor":2},{"not_picked":["Leg Sweep","Sucker Punch"],"picked":"Crippling Poison","floor":3},{"not_picked":["Setup","Flechettes"],"picked":"Slice","floor":4},{"not_picked":["Tactician","Bane","Heel Hook"],"picked":"SKIP","floor":11},{"not_picked":["Underhanded Strike","Setup","Eviscerate"],"picked":"SKIP","floor":12},{"not_picked":["Riddle With Holes","Bouncing Flask"],"picked":"Leg Sweep","floor":14},{"not_picked":["Wraith Form v2","Venomology"],"picked":"Phantasmal Killer","floor":16},{"not_picked":["Infinite Blades","Setup","Riddle With Holes"],"picked":"SKIP","floor":18},{"not_picked":["Outmaneuver","Slice"],"picked":"Blade Dance","floor":19},{"not_picked":["Blur","Dagger Throw"],"picked":"Predator+1","floor":20},{"not_picked":["Sucker Punch","Dagger Throw","Prepared"],"picked":"SKIP","floor":23},{"not_picked":["Poisoned Stab+1","Cloak And Dagger"],"picked":"Tools of the Trade","floor":24},{"not_picked":["Caltrops","Quick Slash"],"picked":"Acrobatics","floor":27},{"not_picked":["PiercingWail","Dodge and Roll+1"],"picked":"Cloak And Dagger+1","floor":31},{"not_picked":["Die Die Die","Storm of Steel"],"picked":"After Image","floor":33},{"not_picked":["Deadly Poison","Dagger Spray+1"],"picked":"Prepared+1","floor":35},{"not_picked":["Blur","Riddle With Holes"],"picked":"Prepared+1","floor":36},{"not_picked":["Expertise","Riddle With Holes+1"],"picked":"Well Laid Plans+1","floor":38},{"not_picked":["Endless Agony","Deadly Poison+1","Sucker Punch"],"picked":"SKIP","floor":39},{"not_picked":["Backstab+1","Quick Slash","Leg Sweep+1"],"picked":"SKIP","floor":40},{"not_picked":["Dagger Spray+1","Deflect"],"picked":"Footwork","floor":42},{"not_picked":["Infinite Blades","Underhanded Strike"],"picked":"Backflip+1","floor":44},{"not_picked":["Doppelganger","Blur"],"picked":"PiercingWail","floor":46},{"not_picked":["Bouncing Flask","Quick Slash","Dagger Throw+1"],"picked":"SKIP","floor":48},{"not_picked":["Bane","Doppelganger","Blur+1"],"picked":"SKIP","floor":54}],"player_experience":644089,"relics_obtained":[{"floor":9,"key":"Art of War"},{"floor":12,"key":"Anchor"},{"floor":14,"key":"Incense Burner"},{"floor":23,"key":"Meat on the Bone"},{"floor":26,"key":"Letter Opener"},{"floor":27,"key":"MawBank"},{"floor":40,"key":"Whetstone"},{"floor":42,"key":"Pantograph"},{"floor":44,"key":"Ice Cream"},{"floor":46,"key":"Ancient Tea Set"},{"floor":48,"key":"Blood Vial"},{"floor":54,"key":"Orichalcum"}],"event_choices":[{"damage_healed":0,"gold_gain":0,"player_choice":"Donut","damage_taken":0,"max_hp_gain":5,"max_hp_loss":0,"event_name":"Big Fish","floor":5,"gold_loss":0},{"cards_removed":["Strike_G"],"damage_healed":0,"gold_gain":0,"player_choice":"Purged","damage_taken":0,"max_hp_gain":0,"max_hp_loss":0,"event_name":"Purifier","floor":7,"gold_loss":0},{"damage_healed":0,"gold_gain":0,"player_choice":"Ignored","damage_taken":0,"max_hp_gain":0,"max_hp_loss":0,"event_name":"The Mausoleum","floor":21,"gold_loss":0},{"damage_healed":0,"gold_gain":0,"player_choice":"1 cards matched","damage_taken":0,"max_hp_gain":0,"max_hp_loss":0,"event_name":"Match and Keep!","floor":22,"gold_loss":0,"cards_obtained":["Flash of Steel"]},{"damage_healed":0,"gold_gain":0,"player_choice":"Fight","damage_taken":0,"max_hp_gain":0,"max_hp_loss":0,"event_name":"Mysterious Sphere","floor":44,"gold_loss":0}],"is_beta":false,"boss_relics":[{"not_picked":["Calling Bell","Fusion Hammer"],"picked":"Cursed Key"},{"not_picked":["Runic Dome","Snecko Eye"],"picked":"SlaversCollar"}],"items_purged_floors":[29,37],"is_endless":false,"potions_floor_spawned":[1,3,4,12,14,18,23,24,31,35,39,46,54],"ascension_level":2}