{"gold_per_floor":[110,127,202,214,224,224,256,270,270,113,113,113,138,156,156,260,260,280,296,296,296,309,344,362,362,362,176,187,187,203,235,235,334,334,345,196,196,206,225,254,254,279,279,279,298,329,329,340,340,340,340,340,115,149,149],"floor_reached":56,"playtime":2706,"items_purged":["Strike_G","Strike_G","Strike_G","Strike_G"],"score":1720,"play_id":"eb13589f-b543-4120-bb55-dcb6ddad0dd8","local_time":"20230925121828","is_ascension_mode":true,"campfire_choices":[{"data":"Quick Slash","floor":6.0,"key":"SMITH"},{"data":"Glass Knife","floor":12.0,"key":"SMITH"},{"data":"All Out Attack","floor":15.0,"key":"SMITH"},{"data":"Wraith Form v2","floor":25.0,"key":"SMITH"},{"data":"Phantasmal Killer","floor":29.0,"key":"SMITH"},{"data":"Well Laid Plans","floor":32.0,"key":"SMITH"},{"data":"J.A.X.","floor":41.0,"key":"SMITH"},{"data":"Accuracy","floor":44.0,"key":"SMITH"},{"floor":49.0,"key":"RECALL"},{"data":"Wraith Form v2","floor":52.0,"key":"SMITH"}],"neow_cost":"NONE","seed_source_timestamp":0,"circlet_count":0,"master_deck":["Strike_G","Defend_G","Defend_G","Defend_G","Defend_G","Defend_G","Survivor","Neutralize","Quick Slash+1","Backflip","Quick Slash","Flying Knee","All Out Attack+1","Wraith Form v2+1","PiercingWail","Glass Knife+1","Blade Dance","Phantasmal Killer+1","Acrobatics+1","Escape Plan","J.A.X.+1","Accuracy+1","Finisher+1","PanicButton","Backflip","Outmaneuver+1","Well Laid Plans+1","Night Terror","Acrobatics+1","Cloak And Dagger","Blade Dance+1","Blade Dance","Finisher+1","Wraith Form v2+1","Backflip+1","Concentrate"],"special_seed":0,"relics":["Ring of the Snake","Ninja Scroll","StrikeDummy","Eternal Feather","Mummified Hand","Philosopher\u0027s Stone","PreservedInsect","Turnip","Tough Bandages","Busted Crown","FossilizedHelix","Dead Branch","Strawberry","Gambling Chip"],"potions_floor_usage":[55],"damage_taken":[{"damage":1.0,"enemies":"Small Slimes","floor":1.0,"turns":3.0},{"damage":0.0,"enemies":"Jaw Worm","floor":2.0,"turns":6.0},{"damage":0.0,"enemies":"Cultist","floor":4.0,"turns":3.0},{"damage":1.0,"enemies":"2 Fungi Beasts","floor":5.0,"turns":4.0},{"damage":20.0,"enemies":"Gremlin Nob","floor":7.0,"turns":4.0},{"damage":0.0,"enemies":"Large Slime","floor":8.0,"turns":4.0},{"damage":2.0,"enemies":"Lagavulin","floor":13.0,"turns":5.0},{"damage":0.0,"enemies":"Gremlin Gang","floor":14.0,"turns":1.0},{"damage":6.0,"enemies":"Slime Boss","floor":16.0,"turns":7.0},{"damage":6.0,"enemies":"Shell Parasite","floor":18.0,"turns":3.0},{"damage":5.0,"enemies":"Chosen","floor":19.0,"turns":3.0},{"damage":14.0,"enemies":"Shelled Parasite and Fungi","floor":22.0,"turns":4.0},{"damage":19.0,"enemies":"Gremlin Leader","floor":23.0,"turns":3.0},{"damage":6.0,"enemies":"Centurion and Healer","floor":24.0,"turns":4.0},{"damage":4.0,"enemies":"Chosen and Byrds","floor":28.0,"turns":2.0},{"damage":0.0,"enemies":"Snake Plant","floor":30.0,"turns":2.0},{"damage":4.0,"enemies":"Slavers","floor":31.0,"turns":3.0},{"damage":22.0,"enemies":"Champ","floor":33.0,"turns":8.0},{"damage":0.0,"enemies":"Orb Walker","floor":35.0,"turns":2.0},{"damage":0.0,"enemies":"3 Darklings","floor":38.0,"turns":4.0},{"damage":0.0,"enemies":"Sphere and 2 Shapes","floor":39.0,"turns":3.0},{"damage":8.0,"enemies":"Giant Head","floor":40.0,"turns":3.0},{"damage":8.0,"enemies":"Nemesis","floor":42.0,"turns":3.0},{"damage":1.0,"enemies":"4 Shapes","floor":45.0,"turns":7.0},{"damage":0.0,"enemies":"Reptomancer","floor":46.0,"turns":2.0},{"damage":10.0,"enemies":"Writhing Mass","floor":48.0,"turns":3.0},{"damage":38.0,"enemies":"Time Eater","floor":50.0,"turns":10.0},{"damage":0.0,"enemies":"Shield and Spear","floor":54.0,"turns":4.0},{"damage":40,"enemies":"The Heart","floor":55,"turns":9}],"seed_played":"-1571085085193722627","potions_obtained":[{"floor":4.0,"key":"Fire Potion"},{"floor":14.0,"key":"Dexterity Potion"},{"floor":19.0,"key":"EssenceOfSteel"},{"floor":22.0,"key":"Explosive Potion"},{"floor":30.0,"key":"FearPotion"},{"floor":37.0,"key":"Fruit Juice"},{"floor":37.0,"key":"DistilledChaos"},{"floor":46.0,"key":"CultistPotion"}],"is_trial":false,"path_per_floor":["M","M","?","M","M","R","E","M","T","$","?","R","E","M","R","B",null,"M","M","?","?","M","E","M","R","T","$","M","R","M","E","R","B",null,"M","$","?","M","M","E","R","E","T","R","M","E","?","M","R","B",null,"R","$","E","B",null],"character_chosen":"THE_SILENT","items_purchased":["Glass Knife","PanicButton","Cloak And Dagger","Concentrate"],"campfire_rested":0,"item_purchase_floors":[10,27,36,53],"current_hp_per_floor":[62,62,51,51,50,50,30,30,30,30,27,36,34,34,46,40,63,57,52,52,52,38,19,13,28,28,28,24,39,39,35,50,28,60,60,60,65,65,65,57,75,67,67,75,74,81,81,71,82,44,73,82,82,82,42],"gold":149,"neow_bonus":"THREE_CARDS","is_prod":false,"is_daily":false,"chose_seed":false,"campfire_upgraded":9,"win_rate":0,"timestamp":1695669508,"path_taken":["M","M","?","M","M","R","E","M","T","$","?","R","E","M","R","BOSS","M","M","?","?","M","E","M","R","T","$","M","R","M","E","R","BOSS","M","$","?","?","M","E","R","E","T","R","M","E","?","M","R","BOSS","R","$","E","BOSS"],"build_version":"2022-12-18","purchased_purges":4,"victory":true,"max_hp_per_floor":[70,70,70,70,70,70,70,70,70,70,70,70,70,70,70,70,70,70,70,70,70,70,70,70,70,70,70,70,70,70,70,70,70,70,70,70,75,75,75,75,75,75,75,75,75,82,82,82,82,82,82,82,82,82,82],"card_choices":[{"not_picked":["Accuracy","Deflect"],"picked":"Quick Slash","floor":0.0},{"not_picked":["Deadly Poison","Slice"],"picked":"Backflip","floor":1.0},{"not_picked":["Deflect","Dodge and Roll"],"picked":"Quick Slash","floor":2.0},{"not_picked":["Quick Slash","Slice"],"picked":"Flying Knee","floor":4.0},{"not_picked":["Quick Slash","Caltrops"],"picked":"All Out Attack","floor":5.0},{"not_picked":["Catalyst","Cloak And Dagger"],"picked":"Wraith Form v2","floor":7.0},{"not_picked":["Dodge and Roll","Dagger Spray"],"picked":"PiercingWail","floor":8.0},{"not_picked":["All Out Attack","Skewer","Outmaneuver"],"picked":"SKIP","floor":13.0},{"not_picked":["Poisoned Stab","Sucker Punch"],"picked":"Blade Dance","floor":14.0},{"not_picked":["Corpse Explosion","Unload"],"picked":"Phantasmal Killer","floor":16.0},{"not_picked":["Poisoned Stab+1","Dagger Spray"],"picked":"Acrobatics+1","floor":18.0},{"not_picked":["Acrobatics+1","Crippling Poison"],"picked":"Escape Plan","floor":19.0},{"not_picked":["Riddle With Holes","Flying Knee","Bane"],"picked":"SKIP","floor":22.0},{"not_picked":["Grand Finale","Eviscerate"],"picked":"Accuracy","floor":23.0},{"not_picked":["PiercingWail","Acrobatics"],"picked":"Finisher+1","floor":24.0},{"not_picked":["Reflex","Flying Knee"],"picked":"Backflip","floor":28.0},{"not_picked":["Poisoned Stab","Die Die Die"],"picked":"Outmaneuver+1","floor":30.0},{"not_picked":["Sucker Punch","Acrobatics"],"picked":"Well Laid Plans","floor":31.0},{"not_picked":["A Thousand Cuts","Venomology"],"picked":"Night Terror","floor":33.0},{"not_picked":[],"picked":"Acrobatics+1","floor":35.0},{"not_picked":[],"picked":"Blade Dance+1","floor":38.0},{"not_picked":[],"picked":"Blade Dance","floor":39.0},{"not_picked":["Blur+1"],"picked":"SKIP","floor":40.0},{"not_picked":[],"picked":"Finisher+1","floor":42.0},{"not_picked":["Slice"],"picked":"SKIP","floor":45.0},{"not_picked":[],"picked":"Wraith Form v2","floor":46.0},{"not_picked":[],"picked":"Backflip+1","floor":48.0},{"not_picked":["Sucker Punch"],"picked":"SKIP","floor":54.0}],"player_experience":748490,"relics_obtained":[{"floor":7.0,"key":"Ninja Scroll"},{"floor":9.0,"key":"StrikeDummy"},{"floor":13.0,"key":"Mummified Hand"},{"floor":23.0,"key":"PreservedInsect"},{"floor":26.0,"key":"Turnip"},{"floor":31.0,"key":"Tough Bandages"},{"floor":40.0,"key":"FossilizedHelix"},{"floor":42.0,"key":"Dead Branch"},{"floor":46.0,"key":"Strawberry"},{"floor":54.0,"key":"Gambling Chip"}],"event_choices":[{"damage_healed":0.0,"max_hp_gain":0.0,"max_hp_loss":0.0,"gold_gain":75.0,"event_name":"World of Goop","player_choice":"Gather Gold","floor":3.0,"gold_loss":0.0,"damage_taken":11.0},{"damage_healed":0.0,"max_hp_gain":0.0,"max_hp_loss":0.0,"gold_gain":0.0,"event_name":"Scrap Ooze","player_choice":"Success","floor":11.0,"gold_loss":0.0,"damage_taken":3.0,"relics_obtained":["Eternal Feather"]},{"damage_healed":0.0,"max_hp_gain":0.0,"max_hp_loss":0.0,"gold_gain":0.0,"event_name":"The Mausoleum","player_choice":"Ignored","floor":20.0,"gold_loss":0.0,"damage_taken":0.0},{"damage_healed":0.0,"max_hp_gain":0.0,"max_hp_loss":0.0,"gold_gain":0.0,"event_name":"Drug Dealer","player_choice":"Obtain J.A.X.","floor":21.0,"gold_loss":0.0,"damage_taken":0.0,"cards_obtained":["J.A.X."]},{"damage_healed":0.0,"max_hp_gain":0.0,"max_hp_loss":0.0,"gold_gain":0.0,"event_name":"Lab","player_choice":"Got Potions","floor":37.0,"gold_loss":0.0,"damage_taken":0.0},{"damage_healed":0.0,"max_hp_gain":0.0,"max_hp_loss":0.0,"gold_gain":0.0,"event_name":"Tomb of Lord Red Mask","player_choice":"Ignored","floor":47.0,"gold_loss":0.0,"damage_taken":0.0}],"is_beta":false,"boss_relics":[{"not_picked":["Runic Pyramid","Empty Cage"],"picked":"Philosopher\u0027s Stone"},{"not_picked":["Tiny House","Fusion Hammer"],"picked":"Busted Crown"}],"items_purged_floors":[10,27,36,53],"is_endless":false,"potions_floor_spawned":[4,14,19,22,23,30,38,39,42,46],"ascension_level":8}