{"gold_per_floor":[16,28,41,53,72,72,92,117,164,196,73,173,173,193,193,296,296,316,342,13,24,24,24,53,53,53,85,300,300,335,351,351,450,450,460,478,62,62,10,10,30,30,30,63,79,79,301,351,351,351,351,351,8,42,42],"floor_reached":56,"playtime":3320,"items_purged":["Strike_G","Strike_G","Clumsy","Regret"],"score":1849,"play_id":"41c29de2-ab63-4d7b-a79d-547cc56d651b","local_time":"20231009153924","is_ascension_mode":true,"campfire_choices":[{"data":"Calculated Gamble","floor":6,"key":"SMITH"},{"data":"Eviscerate","floor":13,"key":"SMITH"},{"data":"Well Laid Plans","floor":15,"key":"SMITH"},{"data":"Eviscerate","floor":23,"key":"SMITH"},{"data":"Prepared","floor":25,"key":"SMITH"},{"data":"Tactician","floor":32,"key":"SMITH"},{"data":"Night Terror","floor":40,"key":"SMITH"},{"data":"Phantasmal Killer","floor":42,"key":"SMITH"},{"floor":49,"key":"RECALL"},{"data":"Outmaneuver","floor":52,"key":"SMITH"}],"neow_cost":"NO_GOLD","seed_source_timestamp":148932438215300,"circlet_count":0,"master_deck":["AscendersBane","Strike_G","Strike_G","Defend_G","Defend_G+1","Defend_G+1","Defend_G","Survivor","Eviscerate+1","Dagger Throw","Calculated Gamble+1","Tactician+1","Dagger Throw","Prepared+1","Well Laid Plans+1","Leg Sweep","Tools of the Trade","Backflip","Acrobatics","Footwork","Eviscerate+1","Terror","Escape Plan","Night Terror+1","Acrobatics+1","Sucker Punch","Phantasmal Killer+1","Acrobatics","Outmaneuver+1"],"relics":["Ring of the Snake","TungstenRod","MealTicket","Paper Crane","Cursed Key","Red Mask","Bag of Marbles","Mummified Hand","Bottled Tornado","Blood Vial","Old Coin","Ninja Scroll","Black Star","Tough Bandages","PreservedInsect","Bottled Lightning","Pocketwatch","War Paint","Akabeko","Gambling Chip"],"potions_floor_usage":[8,10,16,19,24,27,33,50,55,55],"damage_taken":[{"damage":0,"enemies":"Jaw Worm","floor":1,"turns":5},{"damage":2,"enemies":"Cultist","floor":2,"turns":4},{"damage":3,"enemies":"2 Louse","floor":3,"turns":4},{"damage":4,"enemies":"2 Fungi Beasts","floor":4,"turns":3},{"damage":4,"enemies":"Looter","floor":5,"turns":3},{"damage":3,"enemies":"Exordium Thugs","floor":7,"turns":4},{"damage":25,"enemies":"3 Sentries","floor":8,"turns":8},{"damage":15,"enemies":"Gremlin Nob","floor":10,"turns":3},{"damage":0,"enemies":"Blue Slaver","floor":14,"turns":3},{"damage":6,"enemies":"Hexaghost","floor":16,"turns":8},{"damage":3,"enemies":"Chosen","floor":18,"turns":6},{"damage":1,"enemies":"Masked Bandits","floor":19,"turns":5},{"damage":0,"enemies":"Shell Parasite","floor":21,"turns":4},{"damage":0,"enemies":"Gremlin Leader","floor":24,"turns":6},{"damage":2,"enemies":"Slavers","floor":27,"turns":4},{"damage":6,"enemies":"Gremlin Leader","floor":30,"turns":6},{"damage":0,"enemies":"Centurion and Healer","floor":31,"turns":3},{"damage":18,"enemies":"Automaton","floor":33,"turns":8},{"damage":6,"enemies":"3 Darklings","floor":35,"turns":5},{"damage":6,"enemies":"3 Shapes","floor":36,"turns":5},{"damage":0,"enemies":"Transient","floor":41,"turns":5},{"damage":0,"enemies":"Reptomancer","floor":44,"turns":4},{"damage":12,"enemies":"Writhing Mass","floor":45,"turns":4},{"damage":3,"enemies":"Mind Bloom Boss Battle","floor":48,"turns":4},{"damage":2,"enemies":"Time Eater","floor":50,"turns":5},{"damage":15,"enemies":"Shield and Spear","floor":54,"turns":5},{"damage":33,"enemies":"The Heart","floor":55,"turns":8}],"seed_played":"-3215120916717314340","potions_obtained":[{"floor":1,"key":"DistilledChaos"},{"floor":3,"key":"GamblersBrew"},{"floor":8,"key":"Dexterity Potion"},{"floor":14,"key":"CunningPotion"},{"floor":18,"key":"GamblersBrew"},{"floor":19,"key":"Explosive Potion"},{"floor":24,"key":"CunningPotion"},{"floor":27,"key":"Strength Potion"},{"floor":41,"key":"AttackPotion"},{"floor":48,"key":"LiquidMemories"}],"is_trial":false,"path_per_floor":["M","M","M","M","M","R","M","E","T","E","$","?","R","M","R","B",null,"M","?","$","M","$","R","E","R","T","E","?","?","E","M","R","B",null,"M","M","$","?","$","R","M","R","T","E","M","?","?","?","R","B",null,"R","$","E","B",null],"character_chosen":"THE_SILENT","items_purchased":["Strength Potion","Footwork","Bag of Marbles","Tough Bandages","Sucker Punch","War Paint","Strength Potion"],"campfire_rested":0,"item_purchase_floors":[11,20,20,37,39,53,53],"current_hp_per_floor":[63,61,58,54,50,50,47,22,22,7,22,22,22,22,22,16,57,54,53,68,68,70,70,70,70,70,68,68,68,64,66,66,50,65,61,57,70,70,70,70,70,70,70,70,58,58,58,57,57,57,64,64,66,51,20],"gold":42,"neow_bonus":"REMOVE_TWO","is_prod":false,"is_daily":false,"chose_seed":false,"campfire_upgraded":9,"win_rate":0,"timestamp":1696891164,"path_taken":["M","M","M","M","M","R","M","E","T","E","$","?","R","M","R","BOSS","M","?","$","M","$","R","E","R","T","E","?","?","E","M","R","BOSS","M","M","$","?","$","R","M","R","T","E","M","?","?","?","R","BOSS","R","$","E","BOSS"],"build_version":"2022-12-18","purchased_purges":4,"victory":true,"max_hp_per_floor":[70,70,70,70,70,70,70,70,70,70,70,70,70,70,70,70,70,70,70,70,70,70,70,70,70,70,70,70,70,70,70,70,70,70,70,70,70,70,70,70,70,70,70,70,70,66,66,66,66,66,66,66,66,66,66],"card_choices":[{"not_picked":["Bouncing Flask","Acrobatics"],"picked":"Eviscerate","floor":1},{"not_picked":["Flying Knee","Flechettes"],"picked":"Dagger Throw","floor":2},{"not_picked":["Caltrops","Quick Slash","Slice"],"picked":"SKIP","floor":3},{"not_picked":["Slice","Dash"],"picked":"Calculated Gamble","floor":4},{"not_picked":["Setup","Dodge and Roll"],"picked":"Tactician","floor":5},{"not_picked":["Reflex","All Out Attack"],"picked":"Dagger Throw","floor":7},{"not_picked":["Setup","Poisoned Stab"],"picked":"Prepared","floor":8},{"not_picked":["A Thousand Cuts","Slice"],"picked":"Well Laid Plans","floor":10},{"not_picked":["Flying Knee","Outmaneuver"],"picked":"Leg Sweep","floor":14},{"not_picked":["Grand Finale","Glass Knife"],"picked":"Tools of the Trade","floor":16},{"not_picked":["Finisher","Dodge and Roll"],"picked":"Backflip","floor":18},{"not_picked":["Backflip","Riddle With Holes"],"picked":"Acrobatics","floor":19},{"not_picked":["PiercingWail","Blade Dance"],"picked":"Eviscerate","floor":21},{"not_picked":["Outmaneuver+1","Blade Dance"],"picked":"Terror","floor":24},{"not_picked":["Crippling Poison","Deadly Poison","Blur"],"picked":"SKIP","floor":27},{"not_picked":["Well Laid Plans","Outmaneuver","Slice"],"picked":"SKIP","floor":30},{"not_picked":["Blade Dance","Outmaneuver"],"picked":"Escape Plan","floor":31},{"not_picked":["Bullet Time","Corpse Explosion"],"picked":"Night Terror","floor":33},{"not_picked":["Deadly Poison","Sucker Punch"],"picked":"Acrobatics+1","floor":35},{"not_picked":["Setup","Underhanded Strike","Dagger Spray"],"picked":"SKIP","floor":36},{"not_picked":["Dagger Throw+1","Dagger Spray"],"picked":"Phantasmal Killer","floor":41},{"not_picked":["Dagger Throw","Predator+1"],"picked":"Acrobatics","floor":44},{"not_picked":["Calculated Gamble","Underhanded Strike"],"picked":"Outmaneuver","floor":45},{"not_picked":["Noxious Fumes","Sucker Punch","Concentrate"],"picked":"SKIP","floor":54}],"player_experience":845147,"relics_obtained":[{"floor":8,"key":"TungstenRod"},{"floor":9,"key":"MealTicket"},{"floor":10,"key":"Paper Crane"},{"floor":19,"key":"Red Mask"},{"floor":24,"key":"Mummified Hand"},{"floor":26,"key":"Bottled Tornado"},{"floor":27,"key":"Blood Vial"},{"floor":30,"key":"Ninja Scroll"},{"floor":44,"key":"PreservedInsect"},{"floor":44,"key":"Bottled Lightning"},{"floor":48,"key":"Pocketwatch"},{"floor":54,"key":"Akabeko"},{"floor":54,"key":"Gambling Chip"}],"event_choices":[{"damage_healed":0,"gold_gain":100,"player_choice":"Pray","damage_taken":0,"max_hp_gain":0,"max_hp_loss":0,"event_name":"Golden Shrine","floor":12,"gold_loss":0},{"damage_healed":0,"gold_gain":0,"player_choice":"Fought Bandits","damage_taken":0,"max_hp_gain":0,"max_hp_loss":0,"event_name":"Masked Bandits","floor":19,"gold_loss":0},{"damage_healed":0,"gold_gain":0,"player_choice":"Obtained Relic","damage_taken":0,"relics_obtained":["Old Coin"],"max_hp_gain":0,"max_hp_loss":0,"event_name":"Addict","floor":28,"gold_loss":85},{"damage_healed":0,"gold_gain":0,"player_choice":"Ignored","damage_taken":0,"max_hp_gain":0,"max_hp_loss":0,"event_name":"Vampires","floor":29,"gold_loss":0},{"cards_removed":["Neutralize"],"damage_healed":0,"gold_gain":0,"player_choice":"Removed Attack","damage_taken":0,"max_hp_gain":0,"max_hp_loss":0,"event_name":"Falling","floor":38,"gold_loss":0},{"damage_healed":0,"gold_gain":0,"player_choice":"Max HP","damage_taken":0,"max_hp_gain":0,"max_hp_loss":4,"event_name":"Winding Halls","floor":46,"gold_loss":0},{"damage_healed":0,"gold_gain":222,"player_choice":"Wore Mask","damage_taken":0,"max_hp_gain":0,"max_hp_loss":0,"event_name":"Tomb of Lord Red Mask","floor":47,"gold_loss":0},{"damage_healed":0,"gold_gain":0,"player_choice":"Fight","damage_taken":0,"max_hp_gain":0,"max_hp_loss":0,"event_name":"MindBloom","floor":48,"gold_loss":0}],"is_beta":false,"boss_relics":[{"not_picked":["Velvet Choker","Calling Bell"],"picked":"Cursed Key"},{"not_picked":["Snecko Eye","Busted Crown"],"picked":"Black Star"}],"items_purged_floors":[11,20,37,53],"is_endless":false,"potions_floor_spawned":[1,3,8,14,18,19,24,27,41,45,48],"ascension_level":12}