{"gold_per_floor":[114,189,200,211,161,161,172,172,244,244,277,277,304,333,345,456,468,500,512,322,421,438,438,449,469,469,469,495,495,505,580,580,685,685,696,748,748,130,142,142,176,176,176,204,204,223,248,259,259,259,259,259,39,64,64],"floor_reached":56,"playtime":3219,"items_purged":["Dagger Throw","Normality"],"score":1934,"play_id":"4570f240-2415-4bee-b50f-f9a2211929e8","local_time":"20231005204018","is_ascension_mode":true,"campfire_choices":[{"data":"Poisoned Stab","floor":6,"key":"SMITH"},{"data":"Blade Dance","floor":8,"key":"SMITH"},{"data":"Blade Dance","floor":10,"key":"SMITH"},{"data":"Finisher","floor":15,"key":"SMITH"},{"data":"Well Laid Plans","floor":23,"key":"SMITH"},{"floor":27,"key":"REST"},{"floor":32,"key":"REST"},{"data":"Accuracy","floor":40,"key":"SMITH"},{"data":"Footwork","floor":42,"key":"SMITH"},{"floor":49,"key":"RECALL"},{"data":"Survivor","floor":52,"key":"SMITH"}],"neow_cost":"TEN_PERCENT_HP_LOSS","seed_source_timestamp":1615926018945100,"circlet_count":0,"master_deck":["AscendersBane","Survivor+1","Poisoned Stab+1","Blade Dance+1","Blade Dance+1","Finisher+1","Backflip+1","Corpse Explosion+1","PiercingWail+1","Footwork+1","Corpse Explosion+1","Concentrate+1","PiercingWail+1","Concentrate+1","Well Laid Plans+1","Dodge and Roll+1","Blade Dance+1","Dodge and Roll+1","Cloak And Dagger+1","Cloak And Dagger+1","Prepared+1","Acrobatics+1","Accuracy+1","Phantasmal Killer+1","Prepared+1","Night Terror+1","Secret Technique+1","Footwork+1","Acrobatics+1","Blur+1","Expertise+1","Escape Plan+1","Reflex+1","Panacea+1","Backflip+1"],"relics":["Ring of the Snake","Toxic Egg 2","Juzu Bracelet","Question Card","MawBank","Pandora\u0027s Box","Mercury Hourglass","Orrery","Bottled Tornado","Nunchaku","Cursed Key","Incense Burner","Thread and Needle","Eternal Feather","Snake Skull","Regal Pillow","The Specimen"],"potions_floor_usage":[11,13,54,55],"damage_taken":[{"damage":4,"enemies":"Small Slimes","floor":1,"turns":4},{"damage":1,"enemies":"Jaw Worm","floor":3,"turns":4},{"damage":0,"enemies":"Cultist","floor":4,"turns":3},{"damage":0,"enemies":"Exordium Wildlife","floor":7,"turns":3},{"damage":10,"enemies":"Lagavulin","floor":11,"turns":4},{"damage":0,"enemies":"Gremlin Nob","floor":13,"turns":2},{"damage":0,"enemies":"Looter","floor":14,"turns":2},{"damage":5,"enemies":"Hexaghost","floor":16,"turns":9},{"damage":11,"enemies":"Spheric Guardian","floor":18,"turns":3},{"damage":0,"enemies":"Chosen","floor":22,"turns":4},{"damage":28,"enemies":"Shelled Parasite and Fungi","floor":24,"turns":5},{"damage":2,"enemies":"Snake Plant","floor":25,"turns":3},{"damage":3,"enemies":"Gremlin Leader","floor":28,"turns":6},{"damage":0,"enemies":"Sentry and Sphere","floor":30,"turns":2},{"damage":22,"enemies":"Collector","floor":33,"turns":6},{"damage":1,"enemies":"3 Shapes","floor":35,"turns":4},{"damage":2,"enemies":"2 Orb Walkers","floor":36,"turns":3},{"damage":0,"enemies":"Orb Walker","floor":39,"turns":3},{"damage":0,"enemies":"Giant Head","floor":41,"turns":3},{"damage":13,"enemies":"Nemesis","floor":44,"turns":3},{"damage":0,"enemies":"Spire Growth","floor":46,"turns":2},{"damage":6,"enemies":"Reptomancer","floor":47,"turns":6},{"damage":0,"enemies":"Transient","floor":48,"turns":5},{"damage":6,"enemies":"Awakened One","floor":50,"turns":7},{"damage":29,"enemies":"Shield and Spear","floor":54,"turns":4},{"damage":7,"enemies":"The Heart","floor":55,"turns":7}],"seed_played":"-4553998332234414630","potions_obtained":[{"floor":3,"key":"PowerPotion"},{"floor":7,"key":"CunningPotion"},{"floor":14,"key":"Swift Potion"},{"floor":22,"key":"SmokeBomb"},{"floor":39,"key":"SpeedPotion"},{"floor":41,"key":"Fire Potion"},{"floor":46,"key":"GamblersBrew"}],"is_trial":false,"path_per_floor":["M","?","M","M","?","R","M","R","T","R","E","?","E","M","R","B",null,"M","T","$","?","M","R","M","M","T","R","E","?","M","?","R","B",null,"M","?","?","$","M","R","E","R","T","E","?","M","E","M","R","B",null,"R","$","E","B",null],"character_chosen":"THE_SILENT","items_purchased":["Dodge and Roll+1","Orrery","Night Terror+1","Secret Technique+1","Thread and Needle","Reflex+1","Panacea+1"],"campfire_rested":2,"item_purchase_floors":[20,20,38,38,38,53,53],"current_hp_per_floor":[59,48,47,47,47,47,47,47,47,47,37,37,37,37,37,32,55,44,44,44,44,44,44,16,14,14,32,29,29,29,23,41,19,52,51,49,49,49,49,49,49,63,63,50,50,50,44,44,62,56,61,63,63,34,27],"gold":64,"neow_bonus":"REMOVE_TWO","is_prod":false,"is_daily":false,"chose_seed":false,"campfire_upgraded":8,"win_rate":0,"timestamp":1696563618,"path_taken":["M","?","M","M","?","R","M","R","T","R","E","?","E","M","R","BOSS","M","?","$","?","M","R","M","M","T","R","E","?","M","?","R","BOSS","M","?","?","$","M","R","E","R","T","E","?","M","E","M","R","BOSS","R","$","E","BOSS"],"build_version":"2022-12-18","purchased_purges":2,"victory":true,"max_hp_per_floor":[63,63,63,63,63,63,63,63,63,63,63,63,63,63,63,63,63,63,63,63,63,63,63,63,63,63,63,63,63,63,63,63,63,63,63,63,63,63,63,63,63,63,63,63,63,63,63,63,63,63,63,63,63,63,63],"card_choices":[{"not_picked":["Leg Sweep","Underhanded Strike"],"picked":"Poisoned Stab","floor":1},{"not_picked":["Underhanded Strike","Choke"],"picked":"Slice","floor":3},{"not_picked":["Catalyst","Caltrops"],"picked":"Blade Dance","floor":4},{"not_picked":["Calculated Gamble","Crippling Poison"],"picked":"Blade Dance","floor":7},{"not_picked":["Storm of Steel+1","Bouncing Flask+1"],"picked":"Finisher","floor":11},{"not_picked":["Underhanded Strike","Masterful Stab","Noxious Fumes"],"picked":"Dagger Throw","floor":13},{"not_picked":["Underhanded Strike","Dodge and Roll+1","Flying Knee"],"picked":"Backflip+1","floor":14},{"not_picked":["Envenom","Wraith Form v2","Tools of the Trade"],"picked":"Corpse Explosion+1","floor":16},{"not_picked":["Underhanded Strike","Eviscerate","PiercingWail+1"],"picked":"Well Laid Plans","floor":18},{"not_picked":["Outmaneuver+1","Tactician+1","Accuracy"],"picked":"Blade Dance+1","floor":20},{"not_picked":["Distraction+1","PiercingWail+1","Choke+1"],"picked":"Dodge and Roll+1","floor":20},{"not_picked":["Dagger Spray+1","Prepared+1","Deadly Poison+1"],"picked":"Cloak And Dagger+1","floor":20},{"not_picked":["Underhanded Strike","Tactician+1","Outmaneuver+1"],"picked":"Cloak And Dagger+1","floor":20},{"not_picked":["Dagger Spray","Dagger Throw+1","Distraction+1"],"picked":"Prepared+1","floor":22},{"not_picked":["Footwork","Distraction+1","Choke"],"picked":"Acrobatics+1","floor":24},{"not_picked":["Dodge and Roll+1","Quick Slash+1","Deadly Poison+1","Dagger Throw+1"],"picked":"SKIP","floor":25},{"not_picked":["Bane","Outmaneuver+1","Grand Finale","Tactician+1"],"picked":"SKIP","floor":28},{"not_picked":["Predator","PiercingWail+1","Cloak And Dagger+1"],"picked":"Accuracy","floor":30},{"not_picked":["Corpse Explosion+1","Night Terror+1","Doppelganger+1"],"picked":"Phantasmal Killer+1","floor":33},{"not_picked":["Slice","Riddle With Holes+1","Deadly Poison+1","Sucker Punch+1"],"picked":"SKIP","floor":35},{"not_picked":["Riddle With Holes","Dagger Throw+1","Sucker Punch"],"picked":"Prepared+1","floor":36},{"not_picked":["Bane","Prepared+1","Expertise+1"],"picked":"Footwork+1","floor":39},{"not_picked":["Dagger Spray","Riddle With Holes","Predator"],"picked":"Acrobatics+1","floor":41},{"not_picked":["A Thousand Cuts","Quick Slash","Glass Knife"],"picked":"Blur+1","floor":44},{"not_picked":["Deflect+1","Sucker Punch","Underhanded Strike"],"picked":"Expertise+1","floor":46},{"not_picked":["Flying Knee+1","Noxious Fumes","Well Laid Plans"],"picked":"Escape Plan+1","floor":47},{"not_picked":["Deflect+1","Deadly Poison+1","PiercingWail+1","All Out Attack"],"picked":"SKIP","floor":48},{"not_picked":["Finisher","Slice","Dagger Spray"],"picked":"Backflip+1","floor":54}],"player_experience":814033,"relics_obtained":[{"floor":9,"key":"Toxic Egg 2"},{"floor":11,"key":"Juzu Bracelet"},{"floor":13,"key":"MawBank"},{"floor":19,"key":"Mercury Hourglass"},{"floor":26,"key":"Bottled Tornado"},{"floor":28,"key":"Nunchaku"},{"floor":36,"key":"Incense Burner"},{"floor":41,"key":"Eternal Feather"},{"floor":44,"key":"Snake Skull"},{"floor":47,"key":"Regal Pillow"},{"floor":54,"key":"The Specimen"}],"event_choices":[{"damage_healed":0,"gold_gain":75,"player_choice":"Gather Gold","damage_taken":11,"max_hp_gain":0,"max_hp_loss":0,"event_name":"World of Goop","floor":2,"gold_loss":0},{"cards_removed":["Strike_G"],"damage_healed":0,"gold_gain":0,"player_choice":"Card Removal","damage_taken":0,"max_hp_gain":0,"max_hp_loss":0,"event_name":"The Cleric","floor":5,"gold_loss":50},{"cards_removed":["Slice"],"damage_healed":0,"gold_gain":0,"player_choice":"Gave Card","damage_taken":0,"relics_obtained":["Question Card"],"max_hp_gain":0,"max_hp_loss":0,"event_name":"WeMeetAgain","floor":12,"gold_loss":0},{"damage_healed":0,"gold_gain":99,"player_choice":"Stole From Cult","damage_taken":0,"max_hp_gain":0,"max_hp_loss":0,"event_name":"Nest","floor":21,"gold_loss":0},{"cards_removed":["Masterful Stab"],"damage_healed":0,"gold_gain":0,"player_choice":"Elegance","damage_taken":0,"max_hp_gain":0,"max_hp_loss":0,"event_name":"Back to Basics","floor":29,"gold_loss":0},{"damage_healed":0,"gold_gain":75,"player_choice":"Touch","damage_taken":6,"max_hp_gain":0,"max_hp_loss":0,"event_name":"FaceTrader","floor":31,"gold_loss":0},{"damage_healed":0,"gold_gain":0,"player_choice":"Fight","damage_taken":0,"max_hp_gain":0,"max_hp_loss":0,"event_name":"Mysterious Sphere","floor":36,"gold_loss":0},{"damage_healed":0,"gold_gain":0,"player_choice":"Ignored","damage_taken":0,"max_hp_gain":0,"max_hp_loss":0,"event_name":"Tomb of Lord Red Mask","floor":37,"gold_loss":0},{"cards_removed":["Neutralize"],"damage_healed":0,"gold_gain":0,"player_choice":"Removed Attack","damage_taken":0,"max_hp_gain":0,"max_hp_loss":0,"event_name":"Falling","floor":45,"gold_loss":0}],"is_beta":false,"boss_relics":[{"not_picked":["Calling Bell","Runic Dome"],"picked":"Pandora\u0027s Box"},{"not_picked":["Astrolabe","Sozu"],"picked":"Cursed Key"}],"items_purged_floors":[38,53],"is_endless":false,"potions_floor_spawned":[3,7,14,22,28,35,39,41,46],"ascension_level":11}