{"gold_per_floor":[117,127,142,159,109,109,123,140,193,219,219,39,54,89,89,191,191,206,12,111,111,91,91,91,110,110,110,152,171,171,197,197,197],"floor_reached":33,"playtime":1249,"items_purged":["Strike_G"],"score":526,"play_id":"9fb5d2c1-a7e6-4e02-989a-8672d2b0c9bc","local_time":"20231008231823","is_ascension_mode":true,"campfire_choices":[{"data":"1","floor":6,"key":"LIFT"},{"floor":11,"key":"REST"},{"data":"2","floor":15,"key":"LIFT"},{"data":"3","floor":23,"key":"LIFT"},{"data":"Wraith Form v2","floor":27,"key":"SMITH"},{"data":"Cloak And Dagger","floor":30,"key":"SMITH"},{"data":"Calculated Gamble","floor":32,"key":"SMITH"}],"neow_cost":"TEN_PERCENT_HP_LOSS","seed_source_timestamp":92160079775000,"circlet_count":0,"master_deck":["AscendersBane","Defend_G","Defend_G","Survivor","Neutralize","Footwork","All Out Attack","Backflip","Slice","Glass Knife","Skewer","Blade Dance","Cloak And Dagger+1","Deflect","Wraith Form v2+1","Predator+1","Distraction+1","Dagger Throw+1","Backstab","Escape Plan","Bane","Tactician","Prepared","Finisher","PiercingWail","Calculated Gamble+1"],"relics":["Ring of the Snake","Girya","StrikeDummy","Bag of Preparation","Mummified Hand","Astrolabe","Blue Candle","CeramicFish"],"potions_floor_usage":[8,10,16,22,28,33],"damage_taken":[{"damage":0,"enemies":"Cultist","floor":1,"turns":4},{"damage":0,"enemies":"Small Slimes","floor":2,"turns":6},{"damage":0,"enemies":"2 Louse","floor":3,"turns":2},{"damage":19,"enemies":"Large Slime","floor":4,"turns":8},{"damage":7,"enemies":"Blue Slaver","floor":7,"turns":3},{"damage":19,"enemies":"Exordium Thugs","floor":8,"turns":4},{"damage":12,"enemies":"Lagavulin","floor":10,"turns":5},{"damage":0,"enemies":"3 Louse","floor":13,"turns":2},{"damage":4,"enemies":"3 Sentries","floor":14,"turns":5},{"damage":0,"enemies":"Slime Boss","floor":16,"turns":8},{"damage":4,"enemies":"Spheric Guardian","floor":18,"turns":3},{"damage":0,"enemies":"2 Thieves","floor":22,"turns":4},{"damage":0,"enemies":"Chosen and Byrds","floor":25,"turns":3},{"damage":1,"enemies":"Slavers","floor":28,"turns":5},{"damage":0,"enemies":"3 Cultists","floor":29,"turns":3},{"damage":0,"enemies":"Shelled Parasite and Fungi","floor":31,"turns":2},{"damage":57,"enemies":"Collector","floor":33,"turns":6}],"seed_played":"7521248414363623001","potions_obtained":[{"floor":2,"key":"SteroidPotion"},{"floor":4,"key":"Strength Potion"},{"floor":10,"key":"SteroidPotion"},{"floor":13,"key":"SpeedPotion"},{"floor":16,"key":"Swift Potion"},{"floor":18,"key":"SkillPotion"},{"floor":22,"key":"Block Potion"}],"is_trial":false,"path_per_floor":["M","M","M","M","?","R","M","M","T","E","R","$","M","E","R","B",null,"M","$","?","?","M","R","?","M","T","R","E","M","R","M","R","B"],"character_chosen":"THE_SILENT","items_purchased":["Blade Dance","Bag of Preparation","Backstab","Escape Plan"],"campfire_rested":1,"item_purchase_floors":[12,12,19,19],"current_hp_per_floor":[63,63,63,44,44,44,37,18,18,6,24,24,24,20,20,20,52,48,48,48,48,48,48,48,48,48,48,47,47,47,47,47,0],"gold":197,"neow_bonus":"ONE_RARE_RELIC","is_prod":false,"is_daily":false,"chose_seed":false,"campfire_upgraded":3,"win_rate":0,"timestamp":1696832303,"path_taken":["M","M","M","M","?","R","M","M","T","E","R","$","M","E","R","BOSS","M","$","?","?","M","R","?","?","T","R","E","M","R","M","R","BOSS"],"build_version":"2022-12-18","purchased_purges":1,"victory":false,"max_hp_per_floor":[63,63,63,63,63,63,63,63,63,63,63,63,63,63,63,63,63,63,63,63,63,63,63,63,63,63,63,63,63,63,63,63,63],"card_choices":[{"not_picked":["Dodge and Roll","Quick Slash"],"picked":"Footwork","floor":1},{"not_picked":["Flying Knee","Backflip"],"picked":"All Out Attack","floor":2},{"not_picked":["Deflect","Distraction"],"picked":"Backflip","floor":3},{"not_picked":["Underhanded Strike","Acrobatics"],"picked":"Slice","floor":4},{"not_picked":["Acrobatics","Endless Agony"],"picked":"Glass Knife","floor":7},{"not_picked":["Dodge and Roll","Acrobatics"],"picked":"Skewer","floor":8},{"not_picked":["Sucker Punch","Skewer","Tactician"],"picked":"SKIP","floor":10},{"not_picked":["Deadly Poison","Dodge and Roll"],"picked":"Cloak And Dagger","floor":13},{"not_picked":["Backflip","Prepared"],"picked":"Deflect","floor":14},{"not_picked":["Night Terror","A Thousand Cuts"],"picked":"Wraith Form v2","floor":16},{"not_picked":["Prepared","Masterful Stab","Slice"],"picked":"SKIP","floor":18},{"not_picked":["Deflect","Bane+1"],"picked":"Prepared","floor":22},{"not_picked":["Terror","Slice"],"picked":"Finisher","floor":25},{"not_picked":["Slice","Deflect"],"picked":"PiercingWail","floor":28},{"not_picked":["All Out Attack","Eviscerate","Blur"],"picked":"SKIP","floor":29},{"not_picked":["Die Die Die","Prepared"],"picked":"Calculated Gamble","floor":31}],"player_experience":835227,"relics_obtained":[{"floor":10,"key":"StrikeDummy"},{"floor":14,"key":"Mummified Hand"},{"floor":26,"key":"Blue Candle"},{"floor":28,"key":"CeramicFish"}],"event_choices":[{"cards_removed":["Strike_G"],"damage_healed":0,"gold_gain":0,"player_choice":"Card Removal","damage_taken":0,"max_hp_gain":0,"max_hp_loss":0,"event_name":"The Cleric","floor":5,"gold_loss":50},{"damage_healed":0,"gold_gain":99,"player_choice":"Stole From Cult","damage_taken":0,"max_hp_gain":0,"max_hp_loss":0,"event_name":"Nest","floor":20,"gold_loss":0},{"damage_healed":0,"gold_gain":0,"cards_transformed":["Strike_G","Defend_G"],"player_choice":"Became Test Subject","damage_taken":0,"max_hp_gain":0,"max_hp_loss":0,"event_name":"Drug Dealer","floor":21,"gold_loss":0,"cards_obtained":["Bane","Tactician"]},{"cards_removed":["Defend_G"],"damage_healed":0,"gold_gain":0,"player_choice":"Elegance","damage_taken":0,"max_hp_gain":0,"max_hp_loss":0,"event_name":"Back to Basics","floor":24,"gold_loss":0}],"is_beta":false,"boss_relics":[{"not_picked":["Tiny House","Empty Cage"],"picked":"Astrolabe"}],"items_purged_floors":[19],"is_endless":false,"potions_floor_spawned":[2,4,10,13,16,18,22],"killed_by":"Collector","ascension_level":12}