{"gold_per_floor":[112,74,85,360,379,379,395,430,430,461,476,64,92,104,104,200,200,213,138,155,166],"floor_reached":21,"playtime":1238,"items_purged":["Strike_G"],"score":325,"play_id":"400051c0-f764-474b-9c5b-8aca104daa0c","local_time":"20231009024823","is_ascension_mode":true,"campfire_choices":[{"data":"Poisoned Stab","floor":6.0,"key":"SMITH"},{"data":"Wraith Form v2","floor":15.0,"key":"SMITH"}],"neow_cost":"NONE","seed_source_timestamp":104761701917900,"circlet_count":0,"master_deck":["AscendersBane","Strike_G","Strike_G","Strike_G","Strike_G","Defend_G","Defend_G","Defend_G","Defend_G","Defend_G","Survivor","Neutralize","Poisoned Stab+1","Footwork","Dagger Spray","Flying Knee","Wraith Form v2+1","Backstab","Blade Dance","Well Laid Plans","Acrobatics","Backflip","Bullet Time","Blade Dance","PiercingWail","Choke+1","Noxious Fumes"],"special_seed":0,"relics":["Ring of the Snake","Omamori","Bird Faced Urn","Bottled Tornado","Darkstone Periapt","Dead Branch","Prayer Wheel","Philosopher\u0027s Stone"],"potions_floor_usage":[],"damage_taken":[{"damage":2.0,"enemies":"Small Slimes","floor":1.0,"turns":6.0},{"damage":0.0,"enemies":"Cultist","floor":3.0,"turns":4.0},{"damage":0.0,"enemies":"2 Louse","floor":5.0,"turns":2.0},{"damage":3.0,"enemies":"Large Slime","floor":7.0,"turns":5.0},{"damage":15.0,"enemies":"Gremlin Nob","floor":8.0,"turns":4.0},{"damage":16.0,"enemies":"3 Sentries","floor":10.0,"turns":9.0},{"damage":3.0,"enemies":"2 Fungi Beasts","floor":11.0,"turns":4.0},{"damage":8.0,"enemies":"Lagavulin","floor":13.0,"turns":5.0},{"damage":7.0,"enemies":"Exordium Wildlife","floor":14.0,"turns":7.0},{"damage":4.0,"enemies":"Slime Boss","floor":16.0,"turns":9.0},{"damage":5.0,"enemies":"Shell Parasite","floor":18.0,"turns":6.0},{"damage":0.0,"enemies":"Spheric Guardian","floor":20.0,"turns":4.0},{"damage":0,"enemies":"Chosen and Byrds","floor":21,"turns":5}],"seed_played":"8961655901141678896","potions_obtained":[{"floor":1.0,"key":"Explosive Potion"},{"floor":8.0,"key":"EssenceOfSteel"},{"floor":11.0,"key":"CunningPotion"},{"floor":13.0,"key":"SteroidPotion"},{"floor":20.0,"key":"FearPotion"},{"floor":21,"key":"Poison Potion"}],"is_trial":false,"path_per_floor":["M","$","M","?","M","R","M","E","T","E","M","$","E","M","R","B",null,"M","$","M","M"],"character_chosen":"THE_SILENT","items_purchased":["Footwork","Dead Branch","Blade Dance","Well Laid Plans"],"campfire_rested":0,"item_purchase_floors":[2,12,12,12],"current_hp_per_floor":[61,61,61,61,61,61,58,43,43,29,30,30,24,25,25,27,59,62,62,68,70],"gold":166,"neow_bonus":"RANDOM_COMMON_RELIC","is_prod":false,"is_daily":false,"chose_seed":false,"campfire_upgraded":2,"win_rate":0,"timestamp":1696844903,"path_taken":["M","$","M","?","M","R","M","E","T","E","M","$","E","?","R","BOSS","M","$","M","?"],"build_version":"2022-12-18","purchased_purges":1,"victory":false,"max_hp_per_floor":[70,70,70,70,70,70,70,70,70,70,70,70,70,70,70,70,70,70,70,70,70],"card_choices":[{"not_picked":["Leg Sweep","Outmaneuver"],"picked":"Poisoned Stab","floor":1.0},{"not_picked":["Accuracy","Flying Knee"],"picked":"Dagger Spray","floor":3.0},{"not_picked":["Flying Knee","Deadly Poison","Quick Slash"],"picked":"SKIP","floor":5.0},{"not_picked":["Dodge and Roll","Prepared"],"picked":"Flying Knee","floor":7.0},{"not_picked":["Deflect","Dagger Spray","PiercingWail"],"picked":"SKIP","floor":8.0},{"not_picked":["Caltrops","Eviscerate"],"picked":"Wraith Form v2","floor":10.0},{"not_picked":["Poisoned Stab","Crippling Poison"],"picked":"Backstab","floor":11.0},{"not_picked":["Underhanded Strike","Prepared"],"picked":"Acrobatics","floor":13.0},{"not_picked":["Riddle With Holes","A Thousand Cuts"],"picked":"Backflip","floor":14.0},{"not_picked":["Infinite Blades","Deadly Poison","Dagger Spray"],"picked":"SKIP","floor":14.0},{"not_picked":["Die Die Die","Grand Finale"],"picked":"Bullet Time","floor":16.0},{"not_picked":["Skewer","Leg Sweep"],"picked":"Blade Dance","floor":18.0},{"not_picked":["Poisoned Stab","Underhanded Strike"],"picked":"PiercingWail","floor":18.0},{"not_picked":["Cloak And Dagger","Bane"],"picked":"Choke+1","floor":20.0},{"not_picked":["Infinite Blades","Noxious Fumes","Poisoned Stab"],"picked":"SKIP","floor":20.0},{"not_picked":["Setup","Flying Knee+1"],"picked":"Noxious Fumes","floor":21}],"player_experience":843909,"relics_obtained":[{"floor":8.0,"key":"Bird Faced Urn"},{"floor":9.0,"key":"Bottled Tornado"},{"floor":10.0,"key":"Darkstone Periapt"},{"floor":13.0,"key":"Prayer Wheel"}],"event_choices":[{"damage_healed":0.0,"max_hp_gain":0.0,"max_hp_loss":0.0,"gold_gain":275.0,"event_name":"Golden Shrine","player_choice":"Desecrate","floor":4.0,"gold_loss":0.0,"damage_taken":0.0,"cards_obtained":["Regret"]}],"is_beta":false,"boss_relics":[{"not_picked":["Ring of the Serpent","Sozu"],"picked":"Philosopher\u0027s Stone"}],"items_purged_floors":[19],"is_endless":false,"potions_floor_spawned":[1,8,11,13,20,21],"killed_by":"Chosen and Byrds","ascension_level":12}