{"gold_per_floor":[14,27,27,27,27,27,67,67,67,111,124,137,157,173,173,299,299,318,318,4,24,48,48,86,86,109,109,153,178,199,222,222,346,346,362,107,120,134,157,195,195,214,214,277,321,321,43,86,86,86],"floor_reached":50,"playtime":2840,"items_purged":["Bane","Strike_G+1","Strike_G+1"],"score":999,"play_id":"66f46078-c8ba-42eb-a1d3-f5c16689253c","local_time":"20231009003533","is_ascension_mode":true,"campfire_choices":[{"data":"Neutralize","floor":6,"key":"SMITH"},{"data":"Night Terror","floor":8,"key":"SMITH"},{"data":"Well Laid Plans","floor":15,"key":"SMITH"},{"data":"Bandage Up","floor":23,"key":"SMITH"},{"data":"Deadly Poison","floor":25,"key":"SMITH"},{"data":"Footwork","floor":32,"key":"SMITH"},{"data":"Acrobatics","floor":41,"key":"SMITH"},{"floor":49,"key":"RECALL"}],"neow_cost":"NO_GOLD","seed_source_timestamp":95196552381600,"circlet_count":0,"master_deck":["AscendersBane","Strike_G+1","Defend_G+1","Defend_G+1","Defend_G+1","Defend_G+1","Defend_G+1","Survivor+1","Neutralize+1","Sadistic Nature+1","Well Laid Plans+1","PiercingWail","Night Terror+1","PiercingWail","Acrobatics+1","Corpse Explosion","Poisoned Stab","Bandage Up+1","Footwork+1","Crippling Poison","Deadly Poison+1","PiercingWail","Acrobatics+1","Bullet Time","PiercingWail","Backflip","Unload","Madness","Madness","Bouncing Flask+1"],"relics":["Ring of the Snake","Golden Idol","Bottled Tornado","Mercury Hourglass","PreservedInsect","Philosopher\u0027s Stone","Lizard Tail","Happy Flower","War Paint","Empty Cage","Snake Skull","Orichalcum","Tough Bandages","Letter Opener","ClockworkSouvenir","Eternal Feather"],"potions_floor_usage":[7,10,28,28,33,40,48,50],"damage_taken":[{"damage":3,"enemies":"2 Louse","floor":1,"turns":4},{"damage":4,"enemies":"Jaw Worm","floor":2,"turns":6},{"damage":15,"enemies":"Gremlin Nob","floor":7,"turns":4},{"damage":2,"enemies":"Lagavulin","floor":10,"turns":6},{"damage":0,"enemies":"Cultist","floor":11,"turns":3},{"damage":4,"enemies":"Large Slime","floor":12,"turns":5},{"damage":0,"enemies":"Exordium Wildlife","floor":13,"turns":3},{"damage":8,"enemies":"3 Louse","floor":14,"turns":2},{"damage":13,"enemies":"Slime Boss","floor":16,"turns":9},{"damage":25,"enemies":"Chosen","floor":18,"turns":5},{"damage":2,"enemies":"Shell Parasite","floor":21,"turns":5},{"damage":7,"enemies":"Centurion and Healer","floor":22,"turns":6},{"damage":5,"enemies":"Slavers","floor":24,"turns":3},{"damage":27,"enemies":"Book of Stabbing","floor":28,"turns":5},{"damage":8,"enemies":"Sentry and Sphere","floor":29,"turns":4},{"damage":0,"enemies":"3 Cultists","floor":30,"turns":4},{"damage":10,"enemies":"Chosen and Byrds","floor":31,"turns":4},{"damage":14,"enemies":"Automaton","floor":33,"turns":11},{"damage":13,"enemies":"3 Shapes","floor":35,"turns":2},{"damage":22,"enemies":"Orb Walker","floor":37,"turns":4},{"damage":4,"enemies":"Writhing Mass","floor":38,"turns":6},{"damage":2,"enemies":"4 Shapes","floor":39,"turns":5},{"damage":11,"enemies":"Reptomancer","floor":40,"turns":5},{"damage":0,"enemies":"Spire Growth","floor":42,"turns":7},{"damage":0,"enemies":"Mind Bloom Boss Battle","floor":44,"turns":5},{"damage":0,"enemies":"Nemesis","floor":45,"turns":5},{"damage":34,"enemies":"Reptomancer","floor":48,"turns":4},{"damage":54,"enemies":"Donu and Deca","floor":50,"turns":9}],"seed_played":"-4833050328696047378","potions_obtained":[{"floor":2,"key":"Poison Potion"},{"floor":7,"key":"Strength Potion"},{"floor":10,"key":"SteroidPotion"},{"floor":14,"key":"EssenceOfSteel"},{"floor":24,"key":"LiquidMemories"},{"floor":29,"key":"DistilledChaos"},{"floor":38,"key":"ColorlessPotion"},{"floor":39,"key":"CunningPotion"},{"floor":44,"key":"CunningPotion"},{"floor":45,"key":"AttackPotion"}],"is_trial":false,"path_per_floor":["M","M","?","$","?","R","E","R","T","E","M","M","M","M","R","B",null,"M","?","$","M","M","R","E","R","T","?","E","M","M","M","R","B",null,"M","$","M","M","M","E","R","M","T","?","E","?","$","E","R","B"],"character_chosen":"THE_SILENT","items_purchased":["Bandage Up","Footwork","Crippling Poison","Snake Skull","ClockworkSouvenir"],"campfire_rested":0,"item_purchase_floors":[20,20,20,36,47],"current_hp_per_floor":[60,56,56,56,56,56,41,41,41,39,39,35,35,27,27,14,52,27,27,27,29,26,26,21,21,21,21,32,24,30,26,26,18,53,40,40,24,44,48,43,43,65,65,65,65,57,57,29,47,0],"gold":86,"neow_bonus":"RANDOM_COLORLESS_2","is_prod":false,"is_daily":false,"chose_seed":false,"campfire_upgraded":7,"win_rate":0,"timestamp":1696836933,"path_taken":["M","M","?","$","?","R","E","R","T","E","?","M","M","M","R","BOSS","M","?","$","M","M","R","E","R","T","?","E","M","M","M","R","BOSS","M","$","M","M","M","E","R","M","T","?","E","?","?","E","R","BOSS"],"build_version":"2022-12-18","purchased_purges":3,"victory":false,"max_hp_per_floor":[70,70,65,65,65,65,65,65,65,65,65,65,65,65,65,65,65,65,65,65,65,65,65,65,65,65,65,65,65,65,65,65,65,65,65,65,65,65,65,65,65,65,65,65,65,65,65,65,65,65],"card_choices":[{"not_picked":["Thinking Ahead","Chrysalis"],"picked":"Sadistic Nature","floor":0},{"not_picked":["Flying Knee","Backflip"],"picked":"Well Laid Plans","floor":1},{"not_picked":["Backflip","Heel Hook"],"picked":"PiercingWail","floor":2},{"not_picked":["Flying Knee","Dodge and Roll"],"picked":"Night Terror","floor":7},{"not_picked":["Deflect","Underhanded Strike"],"picked":"Bane","floor":10},{"not_picked":["Flechettes","Bane"],"picked":"PiercingWail","floor":11},{"not_picked":["Slice","Outmaneuver"],"picked":"Acrobatics","floor":12},{"not_picked":["Cloak And Dagger","Slice","Distraction"],"picked":"SKIP","floor":13},{"not_picked":["Grand Finale","Bane","Dagger Spray"],"picked":"SKIP","floor":14},{"not_picked":["Tools of the Trade","Unload"],"picked":"Corpse Explosion","floor":16},{"not_picked":["Bane","Finisher"],"picked":"Poisoned Stab","floor":18},{"not_picked":["Underhanded Strike","Caltrops","Dagger Spray"],"picked":"SKIP","floor":21},{"not_picked":["Heel Hook","Skewer"],"picked":"Deadly Poison","floor":22},{"not_picked":["Flying Knee","Corpse Explosion","Infinite Blades"],"picked":"SKIP","floor":24},{"not_picked":["Prepared","Terror"],"picked":"PiercingWail","floor":28},{"not_picked":["Crippling Poison","Cloak And Dagger","Tactician"],"picked":"SKIP","floor":29},{"not_picked":["Expertise","Dodge and Roll"],"picked":"Acrobatics","floor":30},{"not_picked":["All Out Attack","Setup","Deflect+1"],"picked":"SKIP","floor":31},{"not_picked":["Corpse Explosion","Grand Finale"],"picked":"Bullet Time","floor":33},{"not_picked":["Dagger Spray","Dodge and Roll"],"picked":"PiercingWail","floor":35},{"not_picked":["Cloak And Dagger","Deflect","Dagger Throw"],"picked":"SKIP","floor":37},{"not_picked":["Cloak And Dagger","Deflect","Dagger Spray"],"picked":"SKIP","floor":38},{"not_picked":["Infinite Blades","Poisoned Stab","Well Laid Plans"],"picked":"SKIP","floor":39},{"not_picked":["Flying Knee","Choke"],"picked":"Backflip","floor":40},{"not_picked":["Dodge and Roll","Storm of Steel","Slice"],"picked":"SKIP","floor":42},{"not_picked":["Crippling Poison","Heel Hook"],"picked":"Unload","floor":45},{"not_picked":["Tactician","Backflip"],"picked":"Bouncing Flask+1","floor":48}],"player_experience":837873,"relics_obtained":[{"floor":7,"key":"Bottled Tornado"},{"floor":9,"key":"Mercury Hourglass"},{"floor":10,"key":"PreservedInsect"},{"floor":24,"key":"Lizard Tail"},{"floor":26,"key":"Happy Flower"},{"floor":28,"key":"War Paint"},{"floor":40,"key":"Orichalcum"},{"floor":44,"key":"Tough Bandages"},{"floor":45,"key":"Letter Opener"},{"floor":48,"key":"Eternal Feather"}],"event_choices":[{"damage_healed":0,"gold_gain":0,"player_choice":"Lose Max HP","damage_taken":0,"relics_obtained":["Golden Idol"],"max_hp_gain":0,"max_hp_loss":5,"event_name":"Golden Idol","floor":3,"gold_loss":0},{"damage_healed":0,"gold_gain":0,"player_choice":"Forge","damage_taken":0,"max_hp_gain":0,"max_hp_loss":0,"event_name":"Accursed Blacksmith","floor":5,"gold_loss":0,"cards_upgraded":["Sadistic Nature"]},{"damage_healed":0,"gold_gain":0,"player_choice":"Simplicity","damage_taken":0,"max_hp_gain":0,"max_hp_loss":0,"event_name":"Back to Basics","floor":19,"gold_loss":0,"cards_upgraded":["Strike_G","Strike_G","Strike_G","Strike_G","Strike_G","Defend_G","Defend_G","Defend_G","Defend_G","Defend_G"]},{"damage_healed":0,"gold_gain":0,"player_choice":"Ignored","damage_taken":0,"max_hp_gain":0,"max_hp_loss":0,"event_name":"The Mausoleum","floor":27,"gold_loss":0},{"damage_healed":0,"gold_gain":0,"player_choice":"Fight","damage_taken":0,"max_hp_gain":0,"max_hp_loss":0,"event_name":"MindBloom","floor":44,"gold_loss":0},{"damage_healed":0,"gold_gain":0,"player_choice":"Embrace Madness","damage_taken":8,"max_hp_gain":0,"max_hp_loss":0,"event_name":"Winding Halls","floor":46,"gold_loss":0,"cards_obtained":["Madness","Madness"]}],"is_beta":false,"boss_relics":[{"not_picked":["Sozu","Ectoplasm"],"picked":"Philosopher\u0027s Stone"},{"not_picked":["Calling Bell","HoveringKite"],"picked":"Empty Cage"}],"items_purged_floors":[20,36,47],"is_endless":false,"potions_floor_spawned":[2,7,10,14,22,24,29,38,39,44,45],"killed_by":"Donu and Deca","ascension_level":12}