{"gold_per_floor":[114,130,29,48,1,1,29,29,52,69,69,83,97,112,112,112],"floor_reached":16,"playtime":587,"items_purged":["Strike_G"],"score":161,"play_id":"6f9f24b1-c6bf-4e8f-819c-5df8ea117e3e","local_time":"20231002231053","is_ascension_mode":true,"campfire_choices":[{"data":"Deadly Poison","floor":6,"key":"SMITH"},{"data":"Sucker Punch","floor":8,"key":"SMITH"},{"data":"Predator","floor":11,"key":"SMITH"},{"data":"All Out Attack","floor":15,"key":"SMITH"}],"neow_cost":"TEN_PERCENT_HP_LOSS","seed_source_timestamp":1368399441619400,"circlet_count":0,"master_deck":["AscendersBane","Strike_G","Strike_G","Strike_G","Defend_G","Defend_G","Defend_G","Defend_G","Survivor","Neutralize","Deadly Poison+1","Masterful Stab","Acrobatics","PiercingWail","Sucker Punch+1","Predator+1","All Out Attack+1","Tactician","Acrobatics"],"relics":["Ring of the Snake","Boot","Dream Catcher"],"potions_floor_usage":[7],"damage_taken":[{"damage":4,"enemies":"Small Slimes","floor":1,"turns":3},{"damage":3,"enemies":"2 Louse","floor":2,"turns":4},{"damage":6,"enemies":"Cultist","floor":4,"turns":3},{"damage":20,"enemies":"Gremlin Nob","floor":7,"turns":4},{"damage":0,"enemies":"3 Louse","floor":10,"turns":3},{"damage":0,"enemies":"Large Slime","floor":12,"turns":4},{"damage":0,"enemies":"Red Slaver","floor":13,"turns":2},{"damage":3,"enemies":"Looter","floor":14,"turns":3},{"damage":29,"enemies":"Hexaghost","floor":16,"turns":10}],"seed_played":"-6508702365930424635","potions_obtained":[{"floor":1,"key":"Poison Potion"},{"floor":2,"key":"Dexterity Potion"},{"floor":12,"key":"SpeedPotion"}],"is_trial":false,"path_per_floor":["M","M","$","M","$","R","E","R","T","M","R","M","M","M","R","B"],"character_chosen":"THE_SILENT","items_purchased":["Acrobatics","Sucker Punch"],"campfire_rested":0,"item_purchase_floors":[3,5],"current_hp_per_floor":[59,56,56,50,50,50,30,30,30,30,30,30,30,27,27,0],"gold":112,"neow_bonus":"REMOVE_TWO","is_prod":false,"is_daily":false,"chose_seed":false,"campfire_upgraded":4,"win_rate":0,"timestamp":1696313453,"path_taken":["M","M","$","M","$","R","E","R","T","M","R","M","M","M","R","BOSS"],"build_version":"2022-12-18","purchased_purges":1,"victory":false,"max_hp_per_floor":[63,63,63,63,63,63,63,63,63,63,63,63,63,63,63,63],"card_choices":[{"not_picked":["Heel Hook","Acrobatics"],"picked":"Deadly Poison","floor":1},{"not_picked":["Acrobatics","Underhanded Strike"],"picked":"Masterful Stab","floor":2},{"not_picked":["Outmaneuver","Setup"],"picked":"PiercingWail","floor":4},{"not_picked":["Prepared","Sucker Punch","Choke"],"picked":"SKIP","floor":7},{"not_picked":["Flying Knee","Concentrate"],"picked":"Predator","floor":10},{"not_picked":["Outmaneuver","Underhanded Strike"],"picked":"All Out Attack","floor":12},{"not_picked":["Die Die Die","Blade Dance"],"picked":"Tactician","floor":13},{"not_picked":["Bane","Cloak And Dagger"],"picked":"Acrobatics","floor":14}],"player_experience":804762,"relics_obtained":[{"floor":7,"key":"Boot"},{"floor":9,"key":"Dream Catcher"}],"event_choices":[],"is_beta":false,"boss_relics":[],"items_purged_floors":[3],"is_endless":false,"potions_floor_spawned":[1,2,12],"killed_by":"Hexaghost","ascension_level":11}