{"gold_per_floor":[111,128,128,145,145,145,179,191,229,274,286,298,320,349,361,474,486,511,523,582,214,214,228,228,262,262,262,279,18,18,28,28,28],"floor_reached":33,"playtime":1601,"items_purged":["Strike_G","Strike_G"],"score":526,"play_id":"d8648f05-bd8a-4c94-bb19-d833f1b47d8b","local_time":"20231005194600","is_ascension_mode":true,"campfire_choices":[{"data":"Underhanded Strike","floor":6,"key":"SMITH"},{"data":"Terror","floor":8,"key":"SMITH"},{"data":"Glass Knife","floor":11,"key":"SMITH"},{"data":"Neutralize","floor":15,"key":"SMITH"},{"floor":24,"key":"REST"},{"data":"RitualDagger","floor":27,"key":"SMITH"},{"data":"Wraith Form v2","floor":30,"key":"SMITH"},{"data":"Wraith Form v2","floor":32,"key":"SMITH"}],"neow_cost":"NONE","seed_source_timestamp":1614299092029600,"circlet_count":0,"master_deck":["AscendersBane","Strike_G","Strike_G","Defend_G","Defend_G+1","Defend_G+1","Defend_G","Defend_G","Survivor","Neutralize+1","Dagger Throw","Dagger Throw","Underhanded Strike+1","Terror+1","Glass Knife+1","PiercingWail","Acrobatics","Wraith Form v2+1","Acrobatics","RitualDagger+1","Bandage Up","Footwork","Reflex+1","Leg Sweep+1","Wraith Form v2+1","Prepared+1"],"relics":["Ring of the Snake","MawBank","StoneCalendar","War Paint","Philosopher\u0027s Stone","Boot","Oddly Smooth Stone","Nilry\u0027s Codex","Mango","Lantern"],"potions_floor_usage":[10,23,25,33],"damage_taken":[{"damage":4,"enemies":"Small Slimes","floor":1,"turns":4},{"damage":1,"enemies":"Cultist","floor":2,"turns":4},{"damage":0,"enemies":"Jaw Worm","floor":4,"turns":3},{"damage":17,"enemies":"3 Sentries","floor":7,"turns":8},{"damage":12,"enemies":"Gremlin Nob","floor":10,"turns":3},{"damage":0,"enemies":"Blue Slaver","floor":13,"turns":3},{"damage":0,"enemies":"2 Fungi Beasts","floor":14,"turns":2},{"damage":0,"enemies":"Hexaghost","floor":16,"turns":7},{"damage":4,"enemies":"Spheric Guardian","floor":18,"turns":3},{"damage":18,"enemies":"3 Byrds","floor":23,"turns":4},{"damage":7,"enemies":"Book of Stabbing","floor":25,"turns":5},{"damage":1,"enemies":"Centurion and Healer","floor":28,"turns":4},{"damage":3,"enemies":"Sentry and Sphere","floor":31,"turns":5},{"damage":71,"enemies":"Champ","floor":33,"turns":10}],"seed_played":"-8906424676481308536","potions_obtained":[{"floor":2,"key":"AttackPotion"},{"floor":4,"key":"SneckoOil"},{"floor":13,"key":"BlessingOfTheForge"},{"floor":18,"key":"Strength Potion"},{"floor":31,"key":"DistilledChaos"}],"is_trial":false,"path_per_floor":["M","M","?","M","?","R","E","R","T","E","R","?","M","M","R","B",null,"M","?","T","$","?","M","R","E","T","R","M","$","R","M","R","B"],"character_chosen":"THE_SILENT","items_purchased":["Bandage Up","Footwork","Oddly Smooth Stone","Wraith Form v2"],"campfire_rested":1,"item_purchase_floors":[21,21,21,29],"current_hp_per_floor":[66,65,65,65,58,58,41,41,41,29,29,29,29,29,29,29,65,61,55,55,55,39,25,48,59,59,59,62,62,62,63,63,0],"gold":28,"neow_bonus":"TEN_PERCENT_HP_BONUS","is_prod":false,"is_daily":false,"chose_seed":false,"campfire_upgraded":7,"win_rate":0,"timestamp":1696560360,"path_taken":["M","M","?","?","?","R","E","R","T","E","R","?","?","?","R","BOSS","M","?","?","$","?","M","R","E","T","R","M","$","R","M","R","BOSS"],"build_version":"2022-12-18","purchased_purges":2,"victory":false,"max_hp_per_floor":[77,77,77,77,77,77,77,77,77,77,77,77,77,77,77,77,77,77,77,77,77,77,77,77,91,91,91,91,91,91,91,91,91],"card_choices":[{"not_picked":["Dagger Spray","Accuracy"],"picked":"Dagger Throw","floor":1},{"not_picked":["Outmaneuver","Flechettes"],"picked":"Dagger Throw","floor":2},{"not_picked":["Quick Slash","Setup"],"picked":"Underhanded Strike","floor":4},{"not_picked":["Noxious Fumes","Bane"],"picked":"Terror","floor":7},{"not_picked":["Tactician","Deflect"],"picked":"Glass Knife","floor":10},{"not_picked":["Deadly Poison","Reflex"],"picked":"PiercingWail","floor":13},{"not_picked":["Sucker Punch","Endless Agony"],"picked":"Acrobatics","floor":14},{"not_picked":["Tools of the Trade","Malaise"],"picked":"Wraith Form v2","floor":16},{"not_picked":["Prepared","Outmaneuver"],"picked":"Acrobatics","floor":18},{"not_picked":["Dash","Slice"],"picked":"Reflex+1","floor":23},{"not_picked":["Blur","Deadly Poison+1"],"picked":"Leg Sweep+1","floor":25},{"not_picked":["Prepared","Outmaneuver","Bane+1"],"picked":"SKIP","floor":28},{"not_picked":["Infinite Blades","Quick Slash"],"picked":"Prepared+1","floor":31}],"player_experience":812432,"relics_obtained":[{"floor":7,"key":"MawBank"},{"floor":10,"key":"StoneCalendar"},{"floor":20,"key":"Boot"},{"floor":22,"key":"Nilry\u0027s Codex"},{"floor":25,"key":"Mango"},{"floor":26,"key":"Lantern"}],"event_choices":[{"damage_healed":0,"gold_gain":0,"player_choice":"Ignored","damage_taken":0,"max_hp_gain":0,"max_hp_loss":0,"event_name":"NoteForYourself","floor":3,"gold_loss":0},{"cards_removed":["Strike_G"],"damage_healed":0,"gold_gain":0,"player_choice":"Card Removal","damage_taken":7,"max_hp_gain":0,"max_hp_loss":0,"event_name":"Golden Wing","floor":5,"gold_loss":0},{"damage_healed":0,"gold_gain":0,"player_choice":"Gave Potion","damage_taken":0,"relics_obtained":["War Paint"],"max_hp_gain":0,"max_hp_loss":0,"event_name":"WeMeetAgain","floor":12,"gold_loss":0},{"damage_healed":0,"gold_gain":0,"player_choice":"Joined the Cult","damage_taken":6,"max_hp_gain":0,"max_hp_loss":0,"event_name":"Nest","floor":19,"gold_loss":0,"cards_obtained":["RitualDagger"]},{"damage_healed":0,"gold_gain":0,"player_choice":"Obtained Book","damage_taken":16,"max_hp_gain":0,"max_hp_loss":0,"event_name":"Cursed Tome","floor":22,"gold_loss":0}],"is_beta":false,"boss_relics":[{"not_picked":["Black Star","SacredBark"],"picked":"Philosopher\u0027s Stone"}],"items_purged_floors":[21,29],"is_endless":false,"potions_floor_spawned":[2,4,13,18,31],"killed_by":"Champ","ascension_level":11}