{"gold_per_floor":[364,380,380,390,401,401,427,427,427,453,464,464],"floor_reached":12,"playtime":493,"items_purged":[],"score":178,"play_id":"6b3c4d9f-aa40-4244-8ac8-c77b0dcd07a0","local_time":"20231003192547","is_ascension_mode":true,"campfire_choices":[{"data":"Poisoned Stab","floor":6,"key":"SMITH"},{"data":"Blade Dance","floor":8,"key":"SMITH"}],"neow_cost":"TEN_PERCENT_HP_LOSS","seed_source_timestamp":1441389625888800,"circlet_count":0,"master_deck":["AscendersBane","Strike_G","Strike_G","Strike_G","Strike_G","Strike_G+1","Defend_G","Defend_G","Defend_G","Defend_G","Defend_G","Survivor","Neutralize+1","Dagger Throw","Poisoned Stab+1","Sucker Punch","Blade Dance+1","Terror","Backstab","Acrobatics"],"relics":["Ring of the Snake","Whetstone","Sundial"],"potions_floor_usage":[5,10],"damage_taken":[{"damage":6,"enemies":"Jaw Worm","floor":1,"turns":9},{"damage":1,"enemies":"2 Louse","floor":2,"turns":3},{"damage":1,"enemies":"Cultist","floor":4,"turns":3},{"damage":13,"enemies":"Exordium Thugs","floor":5,"turns":7},{"damage":31,"enemies":"3 Sentries","floor":7,"turns":11},{"damage":0,"enemies":"Gremlin Nob","floor":10,"turns":2},{"damage":0,"enemies":"Large Slime","floor":11,"turns":5},{"damage":17,"enemies":"3 Sentries","floor":12,"turns":4}],"seed_played":"141154314574783868","potions_obtained":[{"floor":2,"key":"CunningPotion"},{"floor":5,"key":"AttackPotion"}],"is_trial":false,"path_per_floor":["M","M","?","M","M","R","E","R","T","E","M","E"],"character_chosen":"THE_SILENT","items_purchased":[],"campfire_rested":0,"item_purchase_floors":[],"current_hp_per_floor":[57,56,61,60,47,47,16,16,16,16,16,0],"gold":464,"neow_bonus":"TWO_FIFTY_GOLD","is_prod":false,"is_daily":false,"chose_seed":false,"campfire_upgraded":2,"win_rate":0,"timestamp":1696386347,"path_taken":["M","M","?","M","M","R","E","R","T","E","M","E"],"build_version":"2022-12-18","purchased_purges":0,"victory":false,"max_hp_per_floor":[63,63,68,68,68,68,68,68,68,68,68,68],"card_choices":[{"not_picked":["Dodge and Roll","Bane"],"picked":"Dagger Throw","floor":1},{"not_picked":["Riddle With Holes","Outmaneuver"],"picked":"Poisoned Stab","floor":2},{"not_picked":["Deflect","Cloak And Dagger"],"picked":"Sucker Punch","floor":4},{"not_picked":["Reflex","Bullet Time"],"picked":"Blade Dance","floor":5},{"not_picked":["Dagger Throw","Concentrate"],"picked":"Terror","floor":7},{"not_picked":["Bane","Poisoned Stab"],"picked":"Backstab","floor":10},{"not_picked":["Concentrate","Distraction"],"picked":"Acrobatics","floor":11}],"player_experience":810089,"relics_obtained":[{"floor":7,"key":"Whetstone"},{"floor":10,"key":"Sundial"}],"event_choices":[{"damage_healed":0,"gold_gain":0,"player_choice":"Donut","damage_taken":0,"max_hp_gain":5,"max_hp_loss":0,"event_name":"Big Fish","floor":3,"gold_loss":0}],"is_beta":false,"boss_relics":[],"items_purged_floors":[],"is_endless":false,"potions_floor_spawned":[2,5],"killed_by":"3 Sentries","ascension_level":11}