{"gold_per_floor":[115,135,26,26,26,26,37,37,37,64,64,64,89,100,100,196,196,207,227,34,34,51,51,51],"floor_reached":24,"playtime":1094,"items_purged":["Strike_G","Strike_G"],"score":316,"play_id":"a7701826-de4f-49dc-8c94-93cb2cdd4b04","local_time":"20231003183740","is_ascension_mode":true,"campfire_choices":[{"data":"Dagger Throw","floor":6,"key":"SMITH"},{"data":"Well Laid Plans","floor":12,"key":"SMITH"},{"data":"Venomology","floor":15,"key":"SMITH"},{"floor":23,"key":"REST"}],"neow_cost":"NONE","seed_source_timestamp":1437894680119000,"circlet_count":0,"master_deck":["AscendersBane","Strike_G","Strike_G","Defend_G","Defend_G","Defend_G","Defend_G","Defend_G","Survivor","Neutralize","Unload","Dagger Throw+1","Blade Dance+1","Well Laid Plans+1","Reflex","Underhanded Strike","Venomology+1","Dagger Spray+1","Burst","Accuracy+1","Prepared","PanicButton"],"relics":["Ring of the Snake","Gremlin Horn","Tough Bandages","The Specimen","Molten Egg 2","Philosopher\u0027s Stone"],"potions_floor_usage":[16,16,16,19,19,24],"damage_taken":[{"damage":0,"enemies":"Cultist","floor":1,"turns":3},{"damage":1,"enemies":"Jaw Worm","floor":2,"turns":2},{"damage":0,"enemies":"2 Louse","floor":7,"turns":1},{"damage":8,"enemies":"Gremlin Nob","floor":10,"turns":4},{"damage":2,"enemies":"3 Sentries","floor":13,"turns":8},{"damage":0,"enemies":"Lots of Slimes","floor":14,"turns":3},{"damage":24,"enemies":"Slime Boss","floor":16,"turns":12},{"damage":9,"enemies":"Shell Parasite","floor":18,"turns":8},{"damage":4,"enemies":"2 Thieves","floor":19,"turns":3},{"damage":29,"enemies":"Snake Plant","floor":22,"turns":7},{"damage":51,"enemies":"Slavers","floor":24,"turns":3}],"seed_played":"-504129162406453173","potions_obtained":[{"floor":10,"key":"Explosive Potion"},{"floor":11,"key":"Energy Potion"},{"floor":13,"key":"Swift Potion"},{"floor":16,"key":"ColorlessPotion"}],"is_trial":false,"path_per_floor":["M","M","$","?","?","R","M","?","T","E","?","R","E","M","R","B",null,"M","M","$","?","M","R","E"],"character_chosen":"THE_SILENT","items_purchased":["Well Laid Plans","PanicButton"],"campfire_rested":1,"item_purchase_floors":[3,20],"current_hp_per_floor":[63,62,62,44,44,44,44,67,67,59,59,59,57,57,57,33,61,52,48,48,48,19,40,0],"gold":51,"neow_bonus":"ONE_RANDOM_RARE_CARD","is_prod":false,"is_daily":false,"chose_seed":false,"campfire_upgraded":3,"win_rate":0,"timestamp":1696383460,"path_taken":["M","M","$","?","?","R","M","?","T","E","?","R","E","M","R","BOSS","M","?","$","?","M","R","E"],"build_version":"2022-12-18","purchased_purges":2,"victory":false,"max_hp_per_floor":[70,70,70,70,70,70,70,70,70,70,70,70,70,70,70,70,70,70,70,70,70,70,70,70],"card_choices":[{"not_picked":["Quick Slash","Deflect"],"picked":"Dagger Throw","floor":1},{"not_picked":["Slice","Poisoned Stab"],"picked":"Blade Dance","floor":2},{"not_picked":["Well Laid Plans","Underhanded Strike"],"picked":"Reflex","floor":7},{"not_picked":["PiercingWail","Caltrops"],"picked":"Underhanded Strike","floor":10},{"not_picked":["Choke+1","Cloak And Dagger"],"picked":"Venomology","floor":13},{"not_picked":["Quick Slash+1","Acrobatics"],"picked":"Dagger Spray+1","floor":14},{"not_picked":["Bullet Time","A Thousand Cuts"],"picked":"Burst","floor":16},{"not_picked":["Slice+1","Prepared"],"picked":"Accuracy+1","floor":18},{"not_picked":["Slice+1","Escape Plan"],"picked":"Prepared","floor":19},{"not_picked":["Quick Slash+1","Setup","Endless Agony+1"],"picked":"SKIP","floor":22}],"player_experience":807602,"relics_obtained":[{"floor":9,"key":"Tough Bandages"},{"floor":10,"key":"The Specimen"},{"floor":13,"key":"Molten Egg 2"}],"event_choices":[{"damage_healed":0,"gold_gain":0,"player_choice":"Success","damage_taken":18,"relics_obtained":["Gremlin Horn"],"max_hp_gain":0,"max_hp_loss":0,"event_name":"Scrap Ooze","floor":4,"gold_loss":0},{"damage_healed":0,"gold_gain":0,"player_choice":"Grow","damage_taken":0,"max_hp_gain":0,"max_hp_loss":0,"event_name":"Living Wall","floor":5,"gold_loss":0,"cards_upgraded":["Blade Dance"]},{"damage_healed":23,"gold_gain":0,"player_choice":"Banana","damage_taken":0,"max_hp_gain":0,"max_hp_loss":0,"event_name":"Big Fish","floor":8,"gold_loss":0},{"damage_healed":0,"gold_gain":0,"player_choice":"Got Potions","damage_taken":0,"max_hp_gain":0,"max_hp_loss":0,"event_name":"Lab","floor":11,"gold_loss":0},{"cards_removed":["Strike_G"],"damage_healed":0,"gold_gain":0,"player_choice":"Offered Basic","damage_taken":0,"max_hp_gain":0,"max_hp_loss":0,"event_name":"Bonfire Elementals","floor":21,"gold_loss":0}],"is_beta":false,"boss_relics":[{"not_picked":["Empty Cage","Runic Pyramid"],"picked":"Philosopher\u0027s Stone"}],"items_purged_floors":[3,20],"is_endless":false,"potions_floor_spawned":[10,13,16,18],"killed_by":"Slavers","ascension_level":11}