{"gold_per_floor":[109,126,28,40,51,51,77,77,77,77,142,159,184,216,216,314,314,326,340,357,367,67,67,100,100,176,206,236,236,253,273,273,378,378,398,322,338,358,370,405,405,435,435,435,448,464,484,518,530,542,554,566,43,70,70],"floor_reached":55,"playtime":4043,"items_purged":["Strike_G","Strike_G"],"score":1573,"play_id":"cd9f2d4d-7399-47f8-b51e-97e9ee75c35f","local_time":"20231008224445","is_ascension_mode":true,"campfire_choices":[{"data":"Venomology","floor":6,"key":"SMITH"},{"data":"Dagger Spray","floor":8,"key":"SMITH"},{"data":"Quick Slash","floor":10,"key":"SMITH"},{"data":"Well Laid Plans","floor":15,"key":"SMITH"},{"data":"Terror","floor":23,"key":"SMITH"},{"data":"Glass Knife","floor":25,"key":"SMITH"},{"data":"Blade Dance","floor":29,"key":"SMITH"},{"data":"Finisher","floor":32,"key":"SMITH"},{"data":"Strike_G","floor":41,"key":"PURGE"},{"data":"Strike_G","floor":44,"key":"PURGE"},{"floor":49,"key":"RECALL"},{"floor":52,"key":"REST"}],"neow_cost":"PERCENT_DAMAGE","seed_source_timestamp":87338238332600,"circlet_count":0,"master_deck":["AscendersBane","Strike_G","Defend_G","Defend_G","Defend_G","Defend_G","Defend_G","Survivor","Neutralize","Venomology+1","Footwork","Quick Slash","Dagger Spray+1","Quick Slash+1","Finisher+1","Well Laid Plans+1","Terror+1","Blade Dance+1","Glass Knife+1","Acrobatics+1","Prepared","Acrobatics","Blade Dance","Reflex","PiercingWail","Tools of the Trade","Backflip","Eviscerate","Acrobatics+1","Outmaneuver+1","Phantasmal Killer","Accuracy","Acrobatics+1"],"relics":["Ring of the Snake","Darkstone Periapt","Singing Bowl","InkBottle","MealTicket","Turnip","HoveringKite","Gambling Chip","Bag of Marbles","Gremlin Horn","Ancient Tea Set","Red Mask","Runic Dome","Nunchaku","Peace Pipe","Mummified Hand","MawBank","TheAbacus","Ninja Scroll","Centennial Puzzle"],"potions_floor_usage":[7,7,11,11,14,16,18,18,19,21,24,24,27,27,28,28,28,28,30,30,33,33,37,37,39,42,45,45,50,50,55,55],"damage_taken":[{"damage":2,"enemies":"Small Slimes","floor":1,"turns":4},{"damage":0,"enemies":"Jaw Worm","floor":2,"turns":7},{"damage":0,"enemies":"Cultist","floor":4,"turns":6},{"damage":3,"enemies":"3 Louse","floor":5,"turns":4},{"damage":10,"enemies":"Gremlin Nob","floor":7,"turns":5},{"damage":0,"enemies":"3 Sentries","floor":11,"turns":4},{"damage":7,"enemies":"Blue Slaver","floor":12,"turns":7},{"damage":3,"enemies":"Lagavulin","floor":14,"turns":5},{"damage":12,"enemies":"The Guardian","floor":16,"turns":10},{"damage":8,"enemies":"2 Thieves","floor":18,"turns":3},{"damage":2,"enemies":"3 Byrds","floor":19,"turns":4},{"damage":8,"enemies":"Snecko","floor":20,"turns":4},{"damage":0,"enemies":"Centurion and Healer","floor":21,"turns":6},{"damage":10,"enemies":"Gremlin Leader","floor":24,"turns":2},{"damage":0,"enemies":"Slavers","floor":27,"turns":1},{"damage":5,"enemies":"Masked Bandits","floor":28,"turns":3},{"damage":1,"enemies":"Snake Plant","floor":30,"turns":2},{"damage":0,"enemies":"Snecko","floor":31,"turns":2},{"damage":0,"enemies":"Champ","floor":33,"turns":10},{"damage":0,"enemies":"3 Shapes","floor":35,"turns":1},{"damage":22,"enemies":"3 Darklings","floor":37,"turns":5},{"damage":4,"enemies":"Sphere and 2 Shapes","floor":38,"turns":4},{"damage":21,"enemies":"Transient","floor":39,"turns":5},{"damage":0,"enemies":"Giant Head","floor":40,"turns":3},{"damage":0,"enemies":"Reptomancer","floor":42,"turns":1},{"damage":0,"enemies":"Jaw Worm Horde","floor":45,"turns":1},{"damage":3,"enemies":"Sphere and 2 Shapes","floor":46,"turns":2},{"damage":10,"enemies":"Writhing Mass","floor":47,"turns":3},{"damage":26,"enemies":"Nemesis","floor":48,"turns":3},{"damage":0,"enemies":"Donu and Deca","floor":50,"turns":2},{"damage":18,"enemies":"Shield and Spear","floor":54,"turns":4},{"damage":91,"enemies":"The Heart","floor":55,"turns":5}],"seed_played":"-3381730097680401923","potions_obtained":[{"floor":2,"key":"GhostInAJar"},{"floor":4,"key":"GhostInAJar"},{"floor":14,"key":"Block Potion"},{"floor":20,"key":"Fire Potion"},{"floor":24,"key":"Dexterity Potion"},{"floor":27,"key":"Poison Potion"},{"floor":28,"key":"Dexterity Potion"},{"floor":30,"key":"PowerPotion"},{"floor":31,"key":"DuplicationPotion"},{"floor":35,"key":"SpeedPotion"},{"floor":39,"key":"SteroidPotion"},{"floor":42,"key":"EntropicBrew"}],"is_trial":false,"path_per_floor":["M","M","$","M","M","R","E","R","T","R","?","M","T","E","R","B",null,"M","M","M","M","$","R","E","R","T","E","?","R","M","M","R","B",null,"M","?","M","M","M","E","R","E","T","R","M","M","M","E","R","B",null,"R","$","E","B"],"character_chosen":"THE_SILENT","items_purchased":["Dagger Spray","Gambling Chip","TheAbacus","Accuracy","Ninja Scroll"],"campfire_rested":1,"item_purchase_floors":[3,22,53,53,53],"current_hp_per_floor":[43,43,43,43,40,40,30,30,30,30,30,25,25,22,22,10,57,49,47,41,41,56,56,46,46,46,46,43,43,44,44,44,44,70,72,72,50,48,44,44,44,44,44,44,44,43,35,9,9,9,68,88,88,70,0],"gold":70,"neow_bonus":"THREE_RARE_CARDS","is_prod":false,"is_daily":false,"chose_seed":false,"campfire_upgraded":8,"win_rate":0,"timestamp":1696830285,"path_taken":["M","M","$","M","M","R","E","R","T","R","?","M","?","E","R","BOSS","M","M","M","M","?","R","E","R","T","E","?","R","M","M","R","BOSS","M","?","?","M","M","E","R","E","T","R","M","M","M","E","R","BOSS","R","$","E","BOSS"],"build_version":"2022-12-18","purchased_purges":2,"victory":false,"max_hp_per_floor":[70,70,70,70,70,70,70,70,70,70,70,72,72,72,72,72,72,72,72,74,74,74,74,74,74,74,74,76,76,78,78,78,78,78,80,80,80,82,84,84,84,84,84,84,84,86,88,88,88,88,88,88,88,88,88],"card_choices":[{"not_picked":["Phantasmal Killer","Envenom"],"picked":"Venomology","floor":0},{"not_picked":["Backstab","Slice"],"picked":"Footwork","floor":1},{"not_picked":["Flying Knee","Blur"],"picked":"Quick Slash","floor":2},{"not_picked":["Riddle With Holes","Catalyst"],"picked":"Quick Slash","floor":4},{"not_picked":["Sucker Punch","Blur"],"picked":"Finisher","floor":5},{"not_picked":["Expertise","Distraction"],"picked":"Well Laid Plans","floor":7},{"not_picked":["Poisoned Stab","Noxious Fumes"],"picked":"Terror","floor":11},{"not_picked":["Poisoned Stab","Bouncing Flask","Dodge and Roll"],"picked":"Singing Bowl","floor":12},{"not_picked":["Bouncing Flask","Flying Knee"],"picked":"Blade Dance","floor":14},{"not_picked":["Envenom","Venomology"],"picked":"Glass Knife","floor":16},{"not_picked":["Finisher","Slice"],"picked":"Acrobatics+1","floor":18},{"not_picked":["Predator","All Out Attack"],"picked":"Prepared","floor":19},{"not_picked":["Masterful Stab","Outmaneuver+1","Deadly Poison"],"picked":"Singing Bowl","floor":20},{"not_picked":["Slice","Underhanded Strike"],"picked":"Acrobatics","floor":21},{"not_picked":["Cloak And Dagger","Dagger Throw"],"picked":"Blade Dance","floor":24},{"not_picked":["Riddle With Holes","Deadly Poison"],"picked":"Reflex","floor":27},{"not_picked":["Finisher","Poisoned Stab","Slice"],"picked":"Singing Bowl","floor":28},{"not_picked":["Expertise","Sucker Punch","Blur"],"picked":"Singing Bowl","floor":30},{"not_picked":["Dodge and Roll+1","A Thousand Cuts"],"picked":"PiercingWail","floor":31},{"not_picked":["Corpse Explosion","Doppelganger"],"picked":"Tools of the Trade","floor":33},{"not_picked":["Riddle With Holes","Slice","Cloak And Dagger"],"picked":"Singing Bowl","floor":35},{"not_picked":["Dodge and Roll","Quick Slash"],"picked":"Backflip","floor":37},{"not_picked":["Tools of the Trade","Deadly Poison+1","Finisher"],"picked":"Singing Bowl","floor":38},{"not_picked":["Quick Slash+1","Backstab","PiercingWail"],"picked":"Singing Bowl","floor":39},{"not_picked":["Bane","Poisoned Stab"],"picked":"Eviscerate","floor":40},{"not_picked":["Cloak And Dagger","Blade Dance"],"picked":"Acrobatics+1","floor":42},{"not_picked":["Cloak And Dagger+1","Acrobatics"],"picked":"Outmaneuver+1","floor":45},{"not_picked":["Flying Knee","Escape Plan","Dodge and Roll"],"picked":"Singing Bowl","floor":46},{"not_picked":["PiercingWail+1","Blade Dance","Finisher"],"picked":"Singing Bowl","floor":47},{"not_picked":["Flechettes","Skewer"],"picked":"Phantasmal Killer","floor":48},{"not_picked":["Dagger Spray+1","Prepared"],"picked":"Acrobatics+1","floor":54}],"player_experience":831184,"relics_obtained":[{"floor":7,"key":"Darkstone Periapt"},{"floor":9,"key":"Singing Bowl"},{"floor":11,"key":"InkBottle"},{"floor":13,"key":"MealTicket"},{"floor":14,"key":"Turnip"},{"floor":24,"key":"Bag of Marbles"},{"floor":26,"key":"Gremlin Horn"},{"floor":27,"key":"Ancient Tea Set"},{"floor":28,"key":"Red Mask"},{"floor":40,"key":"Peace Pipe"},{"floor":42,"key":"Mummified Hand"},{"floor":48,"key":"MawBank"},{"floor":54,"key":"Centennial Puzzle"}],"event_choices":[{"damage_healed":0,"gold_gain":0,"player_choice":"Searched \u00271\u0027 times","damage_taken":0,"max_hp_gain":0,"max_hp_loss":0,"event_name":"Dead Adventurer","floor":11,"gold_loss":0},{"damage_healed":0,"gold_gain":0,"player_choice":"Fought Bandits","damage_taken":0,"max_hp_gain":0,"max_hp_loss":0,"event_name":"Masked Bandits","floor":28,"gold_loss":0},{"damage_healed":0,"gold_gain":0,"player_choice":"Paid Gold","damage_taken":0,"relics_obtained":["Nunchaku"],"max_hp_gain":0,"max_hp_loss":0,"event_name":"WeMeetAgain","floor":36,"gold_loss":76}],"is_beta":false,"boss_relics":[{"not_picked":["Busted Crown","Velvet Choker"],"picked":"HoveringKite"},{"not_picked":["Runic Pyramid","Snecko Eye"],"picked":"Runic Dome"}],"items_purged_floors":[3,53],"is_endless":false,"potions_floor_spawned":[2,4,14,20,24,27,28,30,31,35,39,42,45,48],"killed_by":"The Heart","ascension_level":12}