{"gold_per_floor":[364,80,40,58,74,74,101,127,127,143,143,171,171,188,188,283,283,298,298,298,298,317,317,348,348,373,124,150,25,52,52,52,147,147,157,204,218,230,330,363,375,408,431,459,470,489,508,210,210,210,210,210,8,38,38],"floor_reached":55,"playtime":2253,"items_purged":["Defend_G","Strike_G","Strike_G","Parasite","Strike_G"],"score":1494,"play_id":"2c83ffe4-8745-4239-bc33-54e031a07aab","local_time":"20231003010608","is_ascension_mode":true,"campfire_choices":[{"data":"Phantasmal Killer","floor":6,"key":"SMITH"},{"data":"Blade Dance","floor":11,"key":"SMITH"},{"data":"Blade Dance","floor":13,"key":"SMITH"},{"data":"Eviscerate","floor":15,"key":"SMITH"},{"data":"After Image","floor":23,"key":"SMITH"},{"data":"Concentrate","floor":25,"key":"SMITH"},{"data":"J.A.X.","floor":32,"key":"SMITH"},{"floor":49,"key":"RECALL"},{"data":"Acrobatics","floor":52,"key":"SMITH"}],"neow_cost":"TEN_PERCENT_HP_LOSS","seed_source_timestamp":1373647844851000,"circlet_count":0,"master_deck":["AscendersBane","Strike_G","Strike_G","Defend_G","Defend_G+1","Defend_G","Defend_G","Survivor","Neutralize","Blade Dance+1","Phantasmal Killer+1","Backflip","Sucker Punch","Backflip","Blade Dance+1","Eviscerate+1","Acrobatics+1","After Image+1","J.A.X.+1","Concentrate+1","Acrobatics+1","Finisher+1","Acrobatics+1","Adrenaline","Backflip+1","Prepared+1","Cloak And Dagger+1","Predator"],"relics":["Ring of the Snake","Vajra","Regal Pillow","Eternal Feather","Runic Dome","Happy Flower","Dream Catcher","PreservedInsect","Mummified Hand","Art of War","Sozu","StoneCalendar","Gremlin Horn","Singing Bowl","Bag of Marbles","Potion Belt","Membership Card","Centennial Puzzle","War Paint","Akabeko"],"potions_floor_usage":[7,12,33,55],"damage_taken":[{"damage":0,"enemies":"Small Slimes","floor":1,"turns":4},{"damage":0,"enemies":"Cultist","floor":4,"turns":3},{"damage":1,"enemies":"2 Louse","floor":5,"turns":3},{"damage":10,"enemies":"3 Sentries","floor":7,"turns":7},{"damage":0,"enemies":"Looter","floor":10,"turns":3},{"damage":20,"enemies":"Lagavulin","floor":12,"turns":6},{"damage":0,"enemies":"2 Fungi Beasts","floor":14,"turns":2},{"damage":28,"enemies":"Slime Boss","floor":16,"turns":6},{"damage":3,"enemies":"3 Byrds","floor":18,"turns":4},{"damage":0,"enemies":"Chosen","floor":22,"turns":3},{"damage":5,"enemies":"Gremlin Leader","floor":24,"turns":3},{"damage":3,"enemies":"Slavers","floor":28,"turns":4},{"damage":3,"enemies":"Gremlin Leader","floor":30,"turns":3},{"damage":36,"enemies":"Collector","floor":33,"turns":7},{"damage":3,"enemies":"3 Darklings","floor":35,"turns":2},{"damage":6,"enemies":"2 Orb Walkers","floor":36,"turns":3},{"damage":3,"enemies":"Orb Walker","floor":37,"turns":1},{"damage":3,"enemies":"Sphere and 2 Shapes","floor":38,"turns":2},{"damage":3,"enemies":"Giant Head","floor":40,"turns":1},{"damage":0,"enemies":"Spire Growth","floor":41,"turns":2},{"damage":3,"enemies":"Reptomancer","floor":42,"turns":2},{"damage":0,"enemies":"Giant Head","floor":44,"turns":3},{"damage":3,"enemies":"Writhing Mass","floor":45,"turns":2},{"damage":0,"enemies":"4 Shapes","floor":46,"turns":2},{"damage":5,"enemies":"3 Darklings","floor":47,"turns":3},{"damage":13,"enemies":"Awakened One","floor":50,"turns":6},{"damage":0,"enemies":"Shield and Spear","floor":54,"turns":3},{"damage":77,"enemies":"The Heart","floor":55,"turns":3}],"seed_played":"-6588510704943978117","potions_obtained":[{"floor":3,"key":"Fire Potion"},{"floor":3,"key":"CunningPotion"},{"floor":10,"key":"Ancient Potion"},{"floor":12,"key":"LiquidBronze"},{"floor":22,"key":"Strength Potion"},{"floor":28,"key":"Strength Potion"}],"is_trial":false,"path_per_floor":["M","$","?","M","M","R","E","T","T","M","R","E","R","M","R","B",null,"M","?","?","?","M","R","E","R","T","$","E","$","E","?","R","B",null,"M","?","M","M","?","E","M","E","T","E","M","M","M","$","R","B",null,"R","$","E","B"],"character_chosen":"THE_SILENT","items_purchased":["Phantasmal Killer","Backflip","Sucker Punch","PreservedInsect","Membership Card","Centennial Puzzle","War Paint","Predator"],"campfire_rested":0,"item_purchase_floors":[2,2,2,27,48,48,53,53],"current_hp_per_floor":[63,63,63,63,62,62,52,52,52,52,52,32,44,44,56,28,54,51,40,40,40,40,52,47,59,59,59,56,56,53,53,65,29,58,55,49,46,43,43,40,40,39,39,39,38,40,37,37,52,39,65,73,73,75,0],"gold":38,"neow_bonus":"TWO_FIFTY_GOLD","is_prod":false,"is_daily":false,"chose_seed":false,"campfire_upgraded":8,"win_rate":0,"timestamp":1696320368,"path_taken":["M","$","?","M","?","R","E","?","T","M","R","E","R","?","R","BOSS","M","?","?","?","M","R","E","R","T","$","E","$","E","?","R","BOSS","M","?","M","M","?","E","?","E","T","E","M","M","M","$","R","BOSS","R","$","E","BOSS"],"build_version":"2022-12-18","purchased_purges":5,"victory":false,"max_hp_per_floor":[63,63,63,63,63,63,63,63,63,63,63,63,63,63,63,63,63,63,68,68,68,68,68,68,68,68,68,68,68,68,68,68,68,68,68,68,68,68,68,68,68,70,70,70,72,74,76,73,73,73,73,73,73,75,75],"card_choices":[{"not_picked":["Dodge and Roll","Reflex"],"picked":"Blade Dance","floor":1},{"not_picked":["Bouncing Flask","Infinite Blades"],"picked":"Backflip","floor":4},{"not_picked":["Masterful Stab","Cloak And Dagger"],"picked":"Blade Dance","floor":5},{"not_picked":["Backflip","Sucker Punch"],"picked":"Eviscerate","floor":7},{"not_picked":["Deadly Poison","Bane","Deflect"],"picked":"SKIP","floor":10},{"not_picked":["Deadly Poison","All Out Attack"],"picked":"Acrobatics","floor":12},{"not_picked":["Poisoned Stab","Quick Slash","Predator"],"picked":"SKIP","floor":14},{"not_picked":["Doppelganger","Burst"],"picked":"After Image","floor":16},{"not_picked":["Blur","Heel Hook","Dodge and Roll+1"],"picked":"SKIP","floor":18},{"not_picked":["Quick Slash","Caltrops+1"],"picked":"Concentrate","floor":22},{"not_picked":["Flying Knee","Storm of Steel"],"picked":"Acrobatics+1","floor":24},{"not_picked":["Setup","Choke"],"picked":"Finisher+1","floor":28},{"not_picked":["Slice","Sucker Punch"],"picked":"Acrobatics","floor":30},{"not_picked":["Storm of Steel","Unload"],"picked":"Adrenaline","floor":33},{"not_picked":["Poisoned Stab","Dagger Throw+1"],"picked":"Backflip+1","floor":35},{"not_picked":["Dagger Throw+1","Accuracy"],"picked":"Prepared+1","floor":37},{"not_picked":["PiercingWail","Dagger Throw+1","Sucker Punch"],"picked":"SKIP","floor":38},{"not_picked":["PiercingWail","Dagger Throw+1","Finisher+1"],"picked":"SKIP","floor":40},{"not_picked":["Deadly Poison","Prepared","Leg Sweep"],"picked":"SKIP","floor":41},{"not_picked":["Predator+1","Accuracy","Heel Hook+1"],"picked":"Singing Bowl","floor":42},{"not_picked":["Dagger Spray+1","Setup+1"],"picked":"Cloak And Dagger+1","floor":44},{"not_picked":["Phantasmal Killer","Cloak And Dagger+1","Backstab"],"picked":"Singing Bowl","floor":45},{"not_picked":["Dodge and Roll+1","Prepared","Slice"],"picked":"Singing Bowl","floor":46},{"not_picked":["Bane+1","Underhanded Strike+1","Expertise+1"],"picked":"Singing Bowl","floor":47},{"not_picked":["Caltrops","Sucker Punch","Masterful Stab+1"],"picked":"Singing Bowl","floor":54}],"player_experience":805349,"relics_obtained":[{"floor":7,"key":"Vajra"},{"floor":9,"key":"Regal Pillow"},{"floor":12,"key":"Eternal Feather"},{"floor":24,"key":"Happy Flower"},{"floor":26,"key":"Dream Catcher"},{"floor":28,"key":"Mummified Hand"},{"floor":30,"key":"Art of War"},{"floor":36,"key":"StoneCalendar"},{"floor":40,"key":"Gremlin Horn"},{"floor":42,"key":"Singing Bowl"},{"floor":43,"key":"Bag of Marbles"},{"floor":44,"key":"Potion Belt"},{"floor":54,"key":"Akabeko"}],"event_choices":[{"damage_healed":0,"gold_gain":0,"player_choice":"Bought 3 Potions","damage_taken":0,"max_hp_gain":0,"max_hp_loss":0,"event_name":"The Woman in Blue","floor":3,"gold_loss":0},{"damage_healed":0,"gold_gain":0,"player_choice":"Shed Blood","damage_taken":16,"max_hp_gain":5,"max_hp_loss":0,"event_name":"Forgotten Altar","floor":19,"gold_loss":0},{"damage_healed":0,"gold_gain":0,"player_choice":"Obtain J.A.X.","damage_taken":0,"max_hp_gain":0,"max_hp_loss":0,"event_name":"Drug Dealer","floor":20,"gold_loss":0,"cards_obtained":["J.A.X."]},{"damage_healed":0,"gold_gain":0,"player_choice":"Ignored","damage_taken":0,"max_hp_gain":0,"max_hp_loss":0,"event_name":"Ghosts","floor":21,"gold_loss":0},{"damage_healed":0,"gold_gain":0,"player_choice":"Fight","damage_taken":0,"max_hp_gain":0,"max_hp_loss":0,"event_name":"Mysterious Sphere","floor":36,"gold_loss":0},{"damage_healed":0,"gold_gain":100,"player_choice":"Pray","damage_taken":0,"max_hp_gain":0,"max_hp_loss":0,"event_name":"Golden Shrine","floor":39,"gold_loss":0}],"is_beta":false,"boss_relics":[{"not_picked":["SacredBark","Snecko Eye"],"picked":"Runic Dome"},{"not_picked":["Busted Crown","Velvet Choker"],"picked":"Sozu"}],"items_purged_floors":[2,27,29,48,53],"is_endless":false,"potions_floor_spawned":[4,5,10,12,22,24,28,35,38,41,44,45,46,47,54],"killed_by":"The Heart","ascension_level":11}