{"gold_per_floor":[15,27,27,27,40,115,115,143,143,159,173,207,207,271,271,366,366,385,385,259,294,62,87,87,104,104,122,122,122],"floor_reached":29,"playtime":1397,"items_purged":["Defend_G","Strike_G"],"score":442,"play_id":"f87ed057-8682-47ca-92fb-192e5afbb75b","local_time":"20231008234152","is_ascension_mode":true,"campfire_choices":[{"data":"Die Die Die","floor":7,"key":"SMITH"},{"data":"Footwork","floor":13,"key":"SMITH"},{"data":"Malaise","floor":15,"key":"SMITH"},{"data":"Terror","floor":24,"key":"SMITH"}],"neow_cost":"NO_GOLD","seed_source_timestamp":93421686329100,"circlet_count":0,"master_deck":["AscendersBane","Strike_G","Strike_G","Defend_G","Defend_G","Defend_G","Survivor","Neutralize","Die Die Die+1","Choke","Dagger Throw","Blade Dance","Malaise+1","Underhanded Strike","Backflip","Footwork+1","Die Die Die","PiercingWail","Terror+1","Noxious Fumes"],"relics":["Ring of the Snake","StrikeDummy","Singing Bowl","Boot","HoveringKite","Red Mask","Membership Card","MealTicket","Paper Crane"],"potions_floor_usage":[8,14,21,23,23,29],"damage_taken":[{"damage":4,"enemies":"Small Slimes","floor":1,"turns":4},{"damage":4,"enemies":"Jaw Worm","floor":2,"turns":2},{"damage":0,"enemies":"2 Louse","floor":5,"turns":3},{"damage":8,"enemies":"Gremlin Nob","floor":8,"turns":3},{"damage":8,"enemies":"Large Slime","floor":10,"turns":5},{"damage":0,"enemies":"Exordium Wildlife","floor":11,"turns":2},{"damage":14,"enemies":"3 Sentries","floor":12,"turns":7},{"damage":14,"enemies":"3 Sentries","floor":14,"turns":7},{"damage":2,"enemies":"The Guardian","floor":16,"turns":14},{"damage":2,"enemies":"Shell Parasite","floor":18,"turns":6},{"damage":12,"enemies":"Masked Bandits","floor":21,"turns":5},{"damage":0,"enemies":"Slavers","floor":23,"turns":3},{"damage":0,"enemies":"3 Byrds","floor":25,"turns":5},{"damage":6,"enemies":"Snake Plant","floor":27,"turns":4},{"damage":13,"enemies":"Colosseum Slavers","floor":29,"turns":4},{"damage":27,"enemies":"Colosseum Nobs","floor":29,"turns":5}],"seed_played":"-7255265868324785558","potions_obtained":[{"floor":2,"key":"DistilledChaos"},{"floor":10,"key":"Block Potion"},{"floor":12,"key":"FairyPotion"},{"floor":16,"key":"Strength Potion"},{"floor":21,"key":"FearPotion"},{"floor":27,"key":"SpeedPotion"}],"is_trial":false,"path_per_floor":["M","M","$","?","M","?","R","E","T","M","M","E","R","?","R","B",null,"M","?","$","?","$","E","R","M","T","M","?","?"],"character_chosen":"THE_SILENT","items_purchased":["AttackPotion","Membership Card","Terror"],"campfire_rested":0,"item_purchase_floors":[20,22,22],"current_hp_per_floor":[59,55,55,55,55,44,44,36,36,28,28,14,14,23,23,21,59,57,44,44,34,34,36,36,38,38,32,32,0],"gold":122,"neow_bonus":"TRANSFORM_TWO_CARDS","is_prod":false,"is_daily":false,"chose_seed":false,"campfire_upgraded":4,"win_rate":0,"timestamp":1696833712,"path_taken":["M","M","$","?","M","?","R","E","T","M","M","E","R","?","R","BOSS","M","?","$","?","$","E","R","M","T","M","?","?"],"build_version":"2022-12-18","purchased_purges":2,"victory":false,"max_hp_per_floor":[70,70,70,70,70,70,70,70,70,70,70,70,70,72,72,72,72,72,77,77,79,79,81,81,83,83,83,83,83],"card_choices":[{"not_picked":["Deadly Poison","Quick Slash"],"picked":"Dagger Throw","floor":1},{"not_picked":["Bane","Bouncing Flask"],"picked":"Blade Dance","floor":2},{"not_picked":["Deadly Poison","Dodge and Roll","Skewer"],"picked":"SKIP","floor":5},{"not_picked":["Heel Hook","Skewer"],"picked":"Underhanded Strike","floor":8},{"not_picked":["Dagger Spray","Sucker Punch","Masterful Stab"],"picked":"SKIP","floor":10},{"not_picked":["Reflex","Dodge and Roll"],"picked":"Backflip","floor":11},{"not_picked":["Caltrops","Outmaneuver"],"picked":"Footwork","floor":12},{"not_picked":["Cloak And Dagger","Skewer","Sucker Punch"],"picked":"Singing Bowl","floor":14},{"not_picked":["Unload","Envenom"],"picked":"Die Die Die","floor":16},{"not_picked":["All Out Attack","Quick Slash"],"picked":"PiercingWail","floor":18},{"not_picked":["Underhanded Strike","Sucker Punch","Riddle With Holes"],"picked":"Singing Bowl","floor":21},{"not_picked":["Outmaneuver","Concentrate","Bouncing Flask"],"picked":"Singing Bowl","floor":23},{"not_picked":["Underhanded Strike","Sucker Punch","Bane"],"picked":"Singing Bowl","floor":25},{"not_picked":["Underhanded Strike","Corpse Explosion"],"picked":"Noxious Fumes","floor":27}],"player_experience":836476,"relics_obtained":[{"floor":8,"key":"StrikeDummy"},{"floor":12,"key":"Singing Bowl"},{"floor":14,"key":"Boot"},{"floor":21,"key":"Red Mask"},{"floor":23,"key":"MealTicket"},{"floor":26,"key":"Paper Crane"}],"event_choices":[{"damage_healed":0,"gold_gain":0,"cards_transformed":["Strike_G"],"player_choice":"Change","damage_taken":0,"max_hp_gain":0,"max_hp_loss":0,"event_name":"Living Wall","floor":4,"gold_loss":0,"cards_obtained":["Malaise"]},{"damage_healed":0,"gold_gain":75,"player_choice":"Gather Gold","damage_taken":11,"max_hp_gain":0,"max_hp_loss":0,"event_name":"World of Goop","floor":6,"gold_loss":0},{"damage_healed":0,"gold_gain":0,"player_choice":"Searched \u00271\u0027 times","damage_taken":0,"max_hp_gain":0,"max_hp_loss":0,"event_name":"Dead Adventurer","floor":14,"gold_loss":0},{"damage_healed":0,"gold_gain":0,"player_choice":"Shed Blood","damage_taken":18,"max_hp_gain":5,"max_hp_loss":0,"event_name":"Forgotten Altar","floor":19,"gold_loss":0},{"damage_healed":0,"gold_gain":0,"player_choice":"Fought Bandits","damage_taken":0,"max_hp_gain":0,"max_hp_loss":0,"event_name":"Masked Bandits","floor":21,"gold_loss":0},{"damage_healed":0,"gold_gain":0,"player_choice":"Ignored","damage_taken":0,"max_hp_gain":0,"max_hp_loss":0,"event_name":"Cursed Tome","floor":28,"gold_loss":0},{"damage_healed":0,"gold_gain":0,"player_choice":"Fight","damage_taken":0,"max_hp_gain":0,"max_hp_loss":0,"event_name":"Colosseum","floor":29,"gold_loss":0},{"damage_healed":0,"gold_gain":0,"player_choice":"Fought Nobs","damage_taken":0,"max_hp_gain":0,"max_hp_loss":0,"event_name":"Colosseum","floor":29,"gold_loss":0}],"is_beta":false,"boss_relics":[{"not_picked":["Black Star","Ring of the Serpent"],"picked":"HoveringKite"}],"items_purged_floors":[20,22],"is_endless":false,"potions_floor_spawned":[2,10,12,16,21,27,29],"killed_by":"Colosseum Nobs","ascension_level":12}