{"gold_per_floor":[114,114,2,17,35,35,69,69,69,84,84,84,116,41,41,114,114,128,128,143,158,158,158,59,94,94,114,114,145,159,159,159,233,233,243,243,253,263,279,304,352,105,105,105,134,153,179,191,191,191,191,191,66,100,100],"floor_reached":56,"playtime":2766,"items_purged":["Strike_G","Strike_G+1","Strike_G+1"],"score":2027,"play_id":"cc8be69c-fa48-4974-a86f-895a54294d6f","local_time":"20231022001326","is_ascension_mode":true,"campfire_choices":[{"data":"Cloak And Dagger","floor":6,"key":"SMITH"},{"data":"Terror","floor":8,"key":"SMITH"},{"data":"Accuracy","floor":12,"key":"SMITH"},{"floor":15,"key":"REST"},{"data":"Burst","floor":23,"key":"SMITH"},{"data":"After Image","floor":28,"key":"SMITH"},{"data":"Accuracy","floor":32,"key":"SMITH"},{"data":"Well Laid Plans","floor":44,"key":"SMITH"},{"floor":49,"key":"RECALL"},{"data":"Calculated Gamble","floor":52,"key":"SMITH"}],"neow_cost":"CURSE","seed_source_timestamp":832813806201800,"circlet_count":0,"master_deck":["AscendersBane","Strike_G+1","Defend_G+1","Defend_G+1","Defend_G+1","Defend_G+1","Survivor","Neutralize","Burst+1","Prepared","Cloak And Dagger+1","Terror+1","Accuracy+1","Blade Dance","Backflip","After Image+1","Acrobatics","Noxious Fumes","Blade Dance+1","Accuracy+1","Acrobatics","Backflip+1","Blade Dance","Escape Plan","Well Laid Plans+1","After Image+1","Backflip","PiercingWail+1","Calculated Gamble+1","After Image+1","Phantasmal Killer"],"relics":["Ring of the Snake","Torii","Bottled Tornado","Ornamental Fan","Sozu","Incense Burner","Bag of Marbles","Bird Faced Urn","SlaversCollar","War Paint","Tingsha","DollysMirror","Anchor","Bottled Lightning","Pen Nib"],"potions_floor_usage":[7,13,19],"damage_taken":[{"damage":15,"enemies":"Cultist","floor":1,"turns":6},{"damage":5,"enemies":"2 Louse","floor":4,"turns":5},{"damage":6,"enemies":"Jaw Worm","floor":5,"turns":4},{"damage":2,"enemies":"Lagavulin","floor":7,"turns":4},{"damage":0,"enemies":"Looter","floor":10,"turns":4},{"damage":22,"enemies":"3 Sentries","floor":13,"turns":8},{"damage":8,"enemies":"Slime Boss","floor":16,"turns":5},{"damage":0,"enemies":"3 Byrds","floor":18,"turns":5},{"damage":0,"enemies":"Spheric Guardian","floor":19,"turns":3},{"damage":9,"enemies":"Snake Plant","floor":20,"turns":4},{"damage":0,"enemies":"Sentry and Sphere","floor":21,"turns":4},{"damage":22,"enemies":"Slavers","floor":25,"turns":4},{"damage":1,"enemies":"Centurion and Healer","floor":27,"turns":4},{"damage":0,"enemies":"Book of Stabbing","floor":29,"turns":3},{"damage":0,"enemies":"Snecko","floor":30,"turns":2},{"damage":1,"enemies":"Automaton","floor":33,"turns":5},{"damage":0,"enemies":"3 Darklings","floor":35,"turns":4},{"damage":1,"enemies":"3 Shapes","floor":37,"turns":2},{"damage":21,"enemies":"Writhing Mass","floor":38,"turns":5},{"damage":0,"enemies":"Spire Growth","floor":39,"turns":3},{"damage":0,"enemies":"Reptomancer","floor":40,"turns":6},{"damage":8,"enemies":"2 Orb Walkers","floor":41,"turns":3},{"damage":0,"enemies":"Giant Head","floor":45,"turns":5},{"damage":0,"enemies":"Maw","floor":46,"turns":5},{"damage":0,"enemies":"Nemesis","floor":47,"turns":5},{"damage":0,"enemies":"3 Darklings","floor":48,"turns":4},{"damage":11,"enemies":"Time Eater","floor":50,"turns":4},{"damage":15,"enemies":"Shield and Spear","floor":54,"turns":9},{"damage":36,"enemies":"The Heart","floor":55,"turns":7}],"seed_played":"893749669141059252","potions_obtained":[{"floor":1,"key":"BlessingOfTheForge"},{"floor":4,"key":"SpeedPotion"},{"floor":7,"key":"SmokeBomb"}],"is_trial":false,"path_per_floor":["M","?","$","M","M","R","E","R","T","M","?","R","E","$","R","B",null,"M","M","M","M","?","R","$","E","T","M","R","E","M","?","R","B",null,"M","?","M","M","M","E","?","$","T","R","E","M","E","M","R","B",null,"R","$","E","B",null],"character_chosen":"THE_SILENT","items_purchased":["Terror","Accuracy","Blade Dance","Accuracy","DollysMirror"],"campfire_rested":1,"item_purchase_floors":[3,3,24,24,42],"current_hp_per_floor":[48,48,48,43,37,37,35,35,35,35,35,35,13,13,34,26,59,59,59,50,50,50,50,50,28,28,27,27,27,33,33,33,40,63,69,69,69,52,62,70,66,66,66,66,70,70,70,70,70,63,68,68,68,61,36],"gold":100,"neow_bonus":"TRANSFORM_TWO_CARDS","is_prod":false,"is_daily":false,"chose_seed":false,"campfire_upgraded":8,"win_rate":0,"timestamp":1697958806,"path_taken":["M","?","$","M","M","R","E","R","T","M","?","R","E","$","R","BOSS","M","M","?","M","?","R","$","E","T","M","R","E","M","?","R","BOSS","M","?","M","?","M","E","?","?","T","R","E","M","E","M","R","BOSS","R","$","E","BOSS"],"build_version":"2022-12-18","purchased_purges":3,"victory":true,"max_hp_per_floor":[70,70,70,70,70,70,70,70,70,70,70,70,70,70,70,70,70,70,70,70,70,70,70,70,70,70,70,70,70,70,70,70,70,70,70,70,70,70,70,70,70,70,70,70,70,70,70,70,70,70,70,70,70,70,70],"card_choices":[{"not_picked":["Catalyst","Outmaneuver"],"picked":"Cloak And Dagger","floor":1},{"not_picked":["Flying Knee","Leg Sweep"],"picked":"Blade Dance","floor":4},{"not_picked":["Dodge and Roll","Prepared"],"picked":"Backflip","floor":5},{"not_picked":["Sucker Punch","Blur","Flying Knee"],"picked":"SKIP","floor":7},{"not_picked":["Bane","Setup","Eviscerate"],"picked":"SKIP","floor":10},{"not_picked":["A Thousand Cuts","Underhanded Strike","Choke"],"picked":"SKIP","floor":13},{"not_picked":["Grand Finale","Die Die Die"],"picked":"After Image","floor":16},{"not_picked":["Sucker Punch","Poisoned Stab","Setup"],"picked":"SKIP","floor":18},{"not_picked":["Prepared","Finisher"],"picked":"Acrobatics","floor":20},{"not_picked":["Bane","Noxious Fumes","Bouncing Flask"],"picked":"SKIP","floor":21},{"not_picked":["Bane","Bouncing Flask"],"picked":"Noxious Fumes","floor":21},{"not_picked":["Corpse Explosion","Deadly Poison"],"picked":"Acrobatics","floor":25},{"not_picked":["Infinite Blades","Prepared"],"picked":"Backflip+1","floor":27},{"not_picked":["Flying Knee","Deadly Poison"],"picked":"Blade Dance","floor":29},{"not_picked":["Deadly Poison","Accuracy"],"picked":"Escape Plan","floor":30},{"not_picked":["Accuracy","Flying Knee"],"picked":"Well Laid Plans","floor":35},{"not_picked":["Dagger Spray","Flying Knee"],"picked":"Backflip","floor":37},{"not_picked":["Quick Slash","Reflex"],"picked":"PiercingWail","floor":38},{"not_picked":["Dodge and Roll","Well Laid Plans","Outmaneuver"],"picked":"SKIP","floor":39},{"not_picked":["Deadly Poison","Blur"],"picked":"Calculated Gamble","floor":40},{"not_picked":["A Thousand Cuts","Sucker Punch","Cloak And Dagger"],"picked":"SKIP","floor":45},{"not_picked":["Quick Slash","Deflect"],"picked":"Phantasmal Killer","floor":46},{"not_picked":["Dagger Spray","Sucker Punch","Deadly Poison"],"picked":"SKIP","floor":47},{"not_picked":["Masterful Stab+1","Footwork","Predator"],"picked":"SKIP","floor":48},{"not_picked":["Deflect","Distraction","Dodge and Roll"],"picked":"SKIP","floor":54}],"player_experience":867460,"relics_obtained":[{"floor":7,"key":"Torii"},{"floor":9,"key":"Bottled Tornado"},{"floor":13,"key":"Ornamental Fan"},{"floor":25,"key":"Incense Burner"},{"floor":26,"key":"Bag of Marbles"},{"floor":29,"key":"Bird Faced Urn"},{"floor":40,"key":"War Paint"},{"floor":41,"key":"Tingsha"},{"floor":45,"key":"Anchor"},{"floor":47,"key":"Bottled Lightning"},{"floor":54,"key":"Pen Nib"}],"event_choices":[{"cards_removed":["Normality"],"damage_healed":0,"gold_gain":0,"player_choice":"Forget","damage_taken":0,"max_hp_gain":0,"max_hp_loss":0,"event_name":"Living Wall","floor":2,"gold_loss":0},{"damage_healed":0,"gold_gain":0,"player_choice":"Bought 0 Potions","damage_taken":0,"max_hp_gain":0,"max_hp_loss":0,"event_name":"The Woman in Blue","floor":11,"gold_loss":0},{"damage_healed":0,"gold_gain":0,"player_choice":"Simplicity","damage_taken":0,"max_hp_gain":0,"max_hp_loss":0,"event_name":"Back to Basics","floor":22,"gold_loss":0,"cards_upgraded":["Strike_G","Strike_G","Strike_G","Defend_G","Defend_G","Defend_G","Defend_G"]},{"damage_healed":0,"gold_gain":0,"player_choice":"Ignored","damage_taken":0,"max_hp_gain":0,"max_hp_loss":0,"event_name":"Ghosts","floor":31,"gold_loss":0},{"damage_healed":0,"gold_gain":0,"player_choice":"Copied","damage_taken":0,"max_hp_gain":0,"max_hp_loss":0,"event_name":"Duplicator","floor":36,"gold_loss":0,"cards_obtained":["After Image"]},{"damage_healed":0,"gold_gain":0,"player_choice":"Fight","damage_taken":0,"max_hp_gain":0,"max_hp_loss":0,"event_name":"Mysterious Sphere","floor":41,"gold_loss":0}],"is_beta":false,"boss_relics":[{"not_picked":["Empty Cage","Runic Pyramid"],"picked":"Sozu"},{"not_picked":["SacredBark","Busted Crown"],"picked":"SlaversCollar"}],"items_purged_floors":[14,42,53],"is_endless":false,"potions_floor_spawned":[1,4,7,18,20,30,35,38,39,45,46,47],"ascension_level":13}