{"gold_per_floor":[10,28,46,46,56,85,85,102,102,119,119,148,6,39,39,117,117,131,149,149,149,168,195,211,237,237,237,251,262,312,338,338,412,412,427,225,225,250,250,281,281,77,130,144,144,144,164,189,189,189,189,189,36,62,62],"floor_reached":56,"playtime":3734,"items_purged":["Strike_G","Strike_G+1","Well Laid Plans"],"score":2035,"play_id":"cb48c5bf-e305-4f79-94b2-4ca5db37d23b","local_time":"20231029222653","is_ascension_mode":true,"campfire_choices":[{"data":"Dagger Spray","floor":7,"key":"SMITH"},{"data":"Dash","floor":11,"key":"SMITH"},{"data":"Terror","floor":15,"key":"SMITH"},{"floor":27,"key":"REST"},{"floor":32,"key":"REST"},{"floor":41,"key":"RECALL"},{"floor":45,"key":"REST"},{"floor":49,"key":"REST"},{"floor":52,"key":"REST"}],"neow_cost":"NO_GOLD","seed_source_timestamp":1516706065829900,"circlet_count":0,"master_deck":["AscendersBane","Defend_G+1","Defend_G+1","Defend_G+1","Defend_G+1","Survivor","Neutralize","Dagger Throw","Blade Dance","Dagger Spray+1","Footwork","Dodge and Roll","Dash+1","Terror+1","Tools of the Trade","After Image","Reflex","Prepared","Footwork","PiercingWail","Footwork","Backflip","Blur","Eviscerate","Underhanded Strike","Adrenaline","Tactician","Apotheosis","Calculated Gamble","Deflect","Calculated Gamble","Dodge and Roll+1","Outmaneuver","Backflip","Prepared+1","Flechettes+1","Adrenaline","Reflex"],"relics":["Ring of the Snake","Matryoshka","Art of War","Pen Nib","Bottled Tornado","Potion Belt","Fusion Hammer","Anchor","Du-Vu Doll","InkBottle","Dream Catcher","Smiling Mask","Runic Pyramid","TwistedFunnel","Turnip","Torii","Orrery","MealTicket","DollysMirror","Paper Crane"],"potions_floor_usage":[6,25,25,55,55,55],"damage_taken":[{"damage":0,"enemies":"Small Slimes","floor":1,"turns":5},{"damage":3,"enemies":"2 Louse","floor":2,"turns":4},{"damage":1,"enemies":"Cultist","floor":3,"turns":3},{"damage":0,"enemies":"3 Louse","floor":5,"turns":2},{"damage":18,"enemies":"Lagavulin","floor":6,"turns":6},{"damage":8,"enemies":"Lots of Slimes","floor":8,"turns":3},{"damage":3,"enemies":"Looter","floor":10,"turns":4},{"damage":12,"enemies":"Gremlin Nob","floor":12,"turns":4},{"damage":4,"enemies":"Lagavulin","floor":14,"turns":7},{"damage":7,"enemies":"The Guardian","floor":16,"turns":11},{"damage":0,"enemies":"Chosen","floor":18,"turns":3},{"damage":9,"enemies":"2 Thieves","floor":19,"turns":4},{"damage":1,"enemies":"3 Cultists","floor":22,"turns":5},{"damage":10,"enemies":"Book of Stabbing","floor":23,"turns":5},{"damage":0,"enemies":"Centurion and Healer","floor":24,"turns":8},{"damage":1,"enemies":"Slavers","floor":25,"turns":5},{"damage":0,"enemies":"Shelled Parasite and Fungi","floor":28,"turns":5},{"damage":0,"enemies":"Sentry and Sphere","floor":29,"turns":7},{"damage":0,"enemies":"Book of Stabbing","floor":31,"turns":6},{"damage":6,"enemies":"Automaton","floor":33,"turns":9},{"damage":0,"enemies":"3 Shapes","floor":35,"turns":6},{"damage":0,"enemies":"Mind Bloom Boss Battle","floor":38,"turns":6},{"damage":0,"enemies":"Giant Head","floor":40,"turns":4},{"damage":0,"enemies":"Orb Walker","floor":44,"turns":3},{"damage":0,"enemies":"Jaw Worm Horde","floor":47,"turns":4},{"damage":31,"enemies":"Reptomancer","floor":48,"turns":8},{"damage":36,"enemies":"Time Eater","floor":50,"turns":11},{"damage":0,"enemies":"Shield and Spear","floor":54,"turns":6},{"damage":5,"enemies":"The Heart","floor":55,"turns":9}],"seed_played":"5941110131105939376","potions_obtained":[{"floor":1,"key":"FairyPotion"},{"floor":2,"key":"SneckoOil"},{"floor":3,"key":"BlessingOfTheForge"},{"floor":8,"key":"Swift Potion"},{"floor":19,"key":"GamblersBrew"},{"floor":22,"key":"AttackPotion"},{"floor":25,"key":"SneckoOil"},{"floor":29,"key":"Block Potion"},{"floor":33,"key":"SpeedPotion"},{"floor":38,"key":"SpeedPotion"},{"floor":44,"key":"LiquidMemories"},{"floor":54,"key":"DistilledChaos"}],"is_trial":false,"path_per_floor":["M","M","M","?","M","E","R","M","T","M","R","E","$","E","R","B",null,"M","M","?","?","M","E","M","E","T","R","M","M","?","E","R","B",null,"M","$","?","?","?","E","R","$","T","M","R","?","M","E","R","B",null,"R","$","E","B",null],"character_chosen":"THE_SILENT","items_purchased":["Terror","TwistedFunnel","Orrery","DollysMirror"],"campfire_rested":5,"item_purchase_floors":[13,36,42,53],"current_hp_per_floor":[59,56,55,48,48,30,30,22,22,19,19,7,7,3,3,18,54,54,45,45,45,44,34,34,33,33,52,52,52,52,52,66,60,65,65,65,55,55,55,55,55,55,55,55,66,66,66,35,54,18,54,66,66,66,61],"gold":62,"neow_bonus":"REMOVE_TWO","is_prod":false,"is_daily":false,"chose_seed":false,"campfire_upgraded":3,"win_rate":0,"timestamp":1698643613,"path_taken":["M","M","M","?","M","E","R","M","T","M","R","E","$","E","R","BOSS","M","M","?","?","?","E","M","E","T","R","M","M","?","E","R","BOSS","M","?","?","?","?","E","R","$","T","M","R","?","?","E","R","BOSS","R","$","E","BOSS"],"build_version":"2022-12-18","purchased_purges":3,"victory":true,"max_hp_per_floor":[66,66,66,66,66,66,66,66,66,66,66,66,66,66,66,66,66,66,66,66,66,66,66,66,66,66,66,66,66,66,66,66,66,66,66,66,66,66,66,66,66,66,66,66,66,66,66,66,66,66,66,66,66,66,66],"card_choices":[{"not_picked":["Slice","Prepared"],"picked":"Dagger Throw","floor":1},{"not_picked":["Setup","Cloak And Dagger"],"picked":"Blade Dance","floor":2},{"not_picked":["Deadly Poison","Bane"],"picked":"Dagger Spray","floor":3},{"not_picked":["Riddle With Holes","Dodge and Roll","Cloak And Dagger"],"picked":"SKIP","floor":5},{"not_picked":["Cloak And Dagger","Flying Knee"],"picked":"Footwork","floor":6},{"not_picked":["Heel Hook","Catalyst"],"picked":"Dodge and Roll","floor":8},{"not_picked":["Dodge and Roll","Heel Hook"],"picked":"Dash","floor":10},{"not_picked":["Deadly Poison","Grand Finale","Tactician"],"picked":"SKIP","floor":12},{"not_picked":["Dagger Throw","Poisoned Stab"],"picked":"Tools of the Trade","floor":14},{"not_picked":["Doppelganger","Storm of Steel"],"picked":"After Image","floor":16},{"not_picked":["Dagger Throw+1","Deadly Poison"],"picked":"Reflex","floor":18},{"not_picked":["Dagger Throw","Flechettes"],"picked":"Prepared","floor":19},{"not_picked":["Underhanded Strike","Outmaneuver"],"picked":"Footwork","floor":22},{"not_picked":["Slice","Unload","Dash"],"picked":"SKIP","floor":23},{"not_picked":["Deadly Poison","Poisoned Stab"],"picked":"PiercingWail","floor":24},{"not_picked":["Flying Knee","Predator"],"picked":"Footwork","floor":25},{"not_picked":["Sucker Punch+1","Dodge and Roll"],"picked":"Backflip","floor":27},{"not_picked":["Prepared","Bane"],"picked":"Blur","floor":28},{"not_picked":["Dagger Throw","Dodge and Roll"],"picked":"Well Laid Plans","floor":29},{"not_picked":["Bane","Leg Sweep"],"picked":"Eviscerate","floor":31},{"not_picked":["Heel Hook+1","Endless Agony"],"picked":"Underhanded Strike","floor":32},{"not_picked":["Unload","Wraith Form v2"],"picked":"Adrenaline","floor":33},{"not_picked":["Acrobatics","Caltrops"],"picked":"Tactician","floor":35},{"not_picked":["Dramatic Entrance","Jack Of All Trades"],"picked":"Apotheosis","floor":37},{"not_picked":["Distraction+1","Poisoned Stab+1"],"picked":"Calculated Gamble","floor":38},{"not_picked":["Deflect","Endless Agony","Reflex"],"picked":"SKIP","floor":40},{"not_picked":["Endless Agony","Reflex"],"picked":"Deflect","floor":40},{"not_picked":["Venomology","Noxious Fumes"],"picked":"Calculated Gamble","floor":42},{"not_picked":["Blade Dance","Heel Hook"],"picked":"Dodge and Roll+1","floor":42},{"not_picked":["Accuracy","Choke"],"picked":"Outmaneuver","floor":42},{"not_picked":["Poisoned Stab","Dagger Throw+1"],"picked":"Backflip","floor":44},{"not_picked":["Catalyst+1","Underhanded Strike"],"picked":"Prepared+1","floor":45},{"not_picked":["Concentrate","Deflect+1"],"picked":"Flechettes+1","floor":47},{"not_picked":["Heel Hook","Flying Knee","Backflip"],"picked":"SKIP","floor":48},{"not_picked":["Bouncing Flask","Outmaneuver"],"picked":"Reflex","floor":54}],"player_experience":880383,"relics_obtained":[{"floor":6,"key":"Matryoshka"},{"floor":9,"key":"Art of War"},{"floor":9,"key":"Pen Nib"},{"floor":12,"key":"Bottled Tornado"},{"floor":14,"key":"Potion Belt"},{"floor":23,"key":"Anchor"},{"floor":25,"key":"Du-Vu Doll"},{"floor":26,"key":"InkBottle"},{"floor":26,"key":"Dream Catcher"},{"floor":31,"key":"Smiling Mask"},{"floor":38,"key":"Turnip"},{"floor":40,"key":"Torii"},{"floor":48,"key":"MealTicket"},{"floor":54,"key":"Paper Crane"}],"event_choices":[{"cards_removed":["Strike_G"],"damage_healed":0,"gold_gain":0,"player_choice":"Card Removal","damage_taken":7,"max_hp_gain":0,"max_hp_loss":0,"event_name":"Golden Wing","floor":4,"gold_loss":0},{"damage_healed":0,"gold_gain":0,"player_choice":"Simplicity","damage_taken":0,"max_hp_gain":0,"max_hp_loss":0,"event_name":"Back to Basics","floor":20,"gold_loss":0,"cards_upgraded":["Strike_G","Strike_G","Defend_G","Defend_G","Defend_G","Defend_G"]},{"cards_removed":["Strike_G"],"damage_healed":0,"gold_gain":0,"player_choice":"Offered Basic","damage_taken":0,"max_hp_gain":0,"max_hp_loss":0,"event_name":"Bonfire Elementals","floor":21,"gold_loss":0},{"damage_healed":0,"gold_gain":100,"player_choice":"Bet on Murderer","damage_taken":0,"max_hp_gain":0,"max_hp_loss":0,"event_name":"The Joust","floor":30,"gold_loss":50},{"damage_healed":0,"gold_gain":0,"player_choice":"Memory 3","damage_taken":10,"max_hp_gain":0,"max_hp_loss":0,"event_name":"SensoryStone","floor":37,"gold_loss":0},{"damage_healed":0,"gold_gain":0,"player_choice":"Fight","damage_taken":0,"max_hp_gain":0,"max_hp_loss":0,"event_name":"MindBloom","floor":38,"gold_loss":0},{"damage_healed":0,"gold_gain":0,"player_choice":"Ignored","damage_taken":0,"max_hp_gain":0,"max_hp_loss":0,"event_name":"Tomb of Lord Red Mask","floor":39,"gold_loss":0},{"damage_healed":0,"gold_gain":0,"player_choice":"Ignored","damage_taken":0,"max_hp_gain":0,"max_hp_loss":0,"event_name":"SecretPortal","floor":46,"gold_loss":0}],"is_beta":false,"boss_relics":[{"not_picked":["Runic Dome","Ectoplasm"],"picked":"Fusion Hammer"},{"not_picked":["Ring of the Serpent","SacredBark"],"picked":"Runic Pyramid"}],"items_purged_floors":[13,36,42],"is_endless":false,"potions_floor_spawned":[1,2,3,8,19,22,25,29,33,38,44,54],"ascension_level":14}