{"gold_per_floor":[117,127,146,21,21,53,53,69,69,85,85,235,261,275,275,275],"floor_reached":16,"playtime":582,"items_purged":["Strike_G"],"score":196,"play_id":"2b97cbf5-387b-4917-89e1-a63e354e01f5","local_time":"20231120215531","is_ascension_mode":true,"campfire_choices":[{"data":"Calculated Gamble","floor":7,"key":"SMITH"},{"data":"Blade Dance","floor":11,"key":"SMITH"},{"data":"Doubt","floor":15,"key":"PURGE"}],"neow_cost":"NONE","seed_source_timestamp":479048186714700,"circlet_count":0,"master_deck":["AscendersBane","Strike_G","Strike_G","Strike_G","Strike_G","Defend_G","Defend_G","Defend_G","Defend_G","Defend_G","Survivor","Neutralize","Poisoned Stab","Slice","Eviscerate","Calculated Gamble+1","Blade Dance+1","Eviscerate","Acrobatics","Backflip"],"special_seed":0,"relics":["Ring of the Snake","Peace Pipe","Ginger","Prayer Wheel"],"potions_floor_usage":[6,6,6,13,16],"damage_taken":[{"damage":0,"enemies":"Cultist","floor":1,"turns":5},{"damage":0,"enemies":"2 Louse","floor":2,"turns":2},{"damage":2,"enemies":"Small Slimes","floor":3,"turns":3},{"damage":10,"enemies":"Lagavulin","floor":6,"turns":4},{"damage":1,"enemies":"Red Slaver","floor":8,"turns":4},{"damage":3,"enemies":"Exordium Thugs","floor":10,"turns":4},{"damage":10,"enemies":"Gremlin Nob","floor":13,"turns":3},{"damage":3,"enemies":"Looter","floor":14,"turns":2},{"damage":36,"enemies":"Hexaghost","floor":16,"turns":9}],"seed_played":"-8971820588083002427","potions_obtained":[{"floor":5,"key":"EntropicBrew"},{"floor":6,"key":"FearPotion"}],"is_trial":false,"path_per_floor":["M","M","M","$","?","E","R","M","T","M","R","?","E","M","R","B"],"character_chosen":"THE_SILENT","items_purchased":["SteroidPotion"],"campfire_rested":0,"item_purchase_floors":[4],"current_hp_per_floor":[65,65,63,63,63,53,53,52,52,49,49,49,39,36,36,0],"gold":275,"neow_bonus":"TEN_PERCENT_HP_BONUS","is_prod":false,"is_daily":false,"chose_seed":false,"campfire_upgraded":2,"win_rate":0,"timestamp":1700546131,"path_taken":["M","M","M","$","?","E","R","?","T","M","R","?","E","M","R","BOSS"],"build_version":"2022-12-18","purchased_purges":1,"victory":false,"max_hp_per_floor":[72,72,72,72,72,72,72,72,72,72,72,72,72,72,72,72],"card_choices":[{"not_picked":["Sucker Punch","Underhanded Strike"],"picked":"Poisoned Stab","floor":1},{"not_picked":["Masterful Stab","Accuracy"],"picked":"Slice","floor":2},{"not_picked":["Catalyst","Distraction"],"picked":"Eviscerate","floor":3},{"not_picked":["Deadly Poison","Flechettes"],"picked":"Calculated Gamble","floor":6},{"not_picked":["Dodge and Roll","Sucker Punch","Bouncing Flask"],"picked":"SKIP","floor":8},{"not_picked":["Reflex","Slice"],"picked":"Blade Dance","floor":10},{"not_picked":["Storm of Steel","Deflect"],"picked":"Eviscerate","floor":13},{"not_picked":["Noxious Fumes","Sucker Punch"],"picked":"Acrobatics","floor":14},{"not_picked":["Poisoned Stab","Slice"],"picked":"Backflip","floor":14}],"player_experience":911544,"relics_obtained":[{"floor":6,"key":"Peace Pipe"},{"floor":9,"key":"Ginger"},{"floor":13,"key":"Prayer Wheel"}],"event_choices":[{"damage_healed":0,"gold_gain":0,"player_choice":"Got Potions","damage_taken":0,"max_hp_gain":0,"max_hp_loss":0,"event_name":"Lab","floor":5,"gold_loss":0},{"damage_healed":0,"gold_gain":150,"player_choice":"AGREE","damage_taken":0,"max_hp_gain":0,"max_hp_loss":0,"event_name":"Liars Game","floor":12,"gold_loss":0,"cards_obtained":["Doubt"]}],"is_beta":false,"boss_relics":[],"items_purged_floors":[4],"is_endless":false,"potions_floor_spawned":[6,8],"killed_by":"Hexaghost","ascension_level":15}