{"gold_per_floor":[115,126,136,61,79,79,104,104,131,146,27,52,64,94,106,118],"floor_reached":16,"playtime":591,"items_purged":["Strike_G"],"score":196,"play_id":"3bd3e020-4d68-4644-b9ef-863169358ce0","local_time":"20231120225706","is_ascension_mode":true,"campfire_choices":[{"data":"Poisoned Stab","floor":6,"key":"SMITH"},{"data":"Calculated Gamble","floor":13,"key":"SMITH"},{"data":"Neutralize","floor":15,"key":"SMITH"}],"neow_cost":"NONE","seed_source_timestamp":482754171658100,"circlet_count":0,"master_deck":["AscendersBane","Strike_G","Strike_G","Strike_G","Strike_G","Defend_G","Defend_G","Defend_G","Defend_G","Survivor","Neutralize+1","Poisoned Stab","Dagger Throw","Leg Sweep","Poisoned Stab+1","Prepared","Calculated Gamble+1","Venomology","PiercingWail"],"relics":["Ring of the Snake","Smiling Mask","Art of War","MawBank"],"potions_floor_usage":[12,12,14],"damage_taken":[{"damage":1,"enemies":"Small Slimes","floor":1,"turns":4},{"damage":0,"enemies":"Cultist","floor":2,"turns":4},{"damage":0,"enemies":"Jaw Worm","floor":3,"turns":5},{"damage":0,"enemies":"Red Slaver","floor":5,"turns":4},{"damage":31,"enemies":"3 Sentries","floor":7,"turns":11},{"damage":0,"enemies":"3 Louse","floor":10,"turns":3},{"damage":12,"enemies":"Gremlin Nob","floor":12,"turns":3},{"damage":0,"enemies":"Looter","floor":14,"turns":3},{"damage":22,"enemies":"The Guardian","floor":16,"turns":2}],"seed_played":"-7951490954965307333","potions_obtained":[{"floor":2,"key":"FearPotion"},{"floor":3,"key":"SteroidPotion"}],"is_trial":false,"path_per_floor":["M","M","M","?","M","R","E","?","T","M","$","E","R","M","R","B"],"character_chosen":"THE_SILENT","items_purchased":["Calculated Gamble"],"campfire_rested":0,"item_purchase_floors":[11],"current_hp_per_floor":[64,64,64,64,64,64,33,33,33,33,33,21,21,21,21,0],"gold":118,"neow_bonus":"TEN_PERCENT_HP_BONUS","is_prod":false,"is_daily":false,"chose_seed":false,"campfire_upgraded":3,"win_rate":0,"timestamp":1700549826,"path_taken":["M","M","M","?","M","R","E","?","T","?","$","E","R","M","R","BOSS"],"build_version":"2022-12-18","purchased_purges":1,"victory":false,"max_hp_per_floor":[72,72,72,72,72,72,72,72,72,72,72,72,72,72,72,72],"card_choices":[{"not_picked":["Dagger Spray","Crippling Poison"],"picked":"Poisoned Stab","floor":1},{"not_picked":["Acrobatics","Dodge and Roll"],"picked":"Dagger Throw","floor":2},{"not_picked":["Bane","Predator"],"picked":"Leg Sweep","floor":3},{"not_picked":["Prepared","Outmaneuver"],"picked":"Poisoned Stab","floor":5},{"not_picked":["Quick Slash","Dagger Throw"],"picked":"Prepared","floor":7},{"not_picked":["Caltrops","Distraction","Bane"],"picked":"SKIP","floor":10},{"not_picked":["Poisoned Stab","Flying Knee"],"picked":"Venomology","floor":12},{"not_picked":["Quick Slash","Poisoned Stab"],"picked":"PiercingWail","floor":14}],"player_experience":912383,"relics_obtained":[{"floor":7,"key":"Smiling Mask"},{"floor":9,"key":"Art of War"},{"floor":12,"key":"MawBank"}],"event_choices":[{"cards_removed":["Defend_G"],"damage_healed":0,"gold_gain":0,"player_choice":"Card Removal","damage_taken":0,"max_hp_gain":0,"max_hp_loss":0,"event_name":"The Cleric","floor":4,"gold_loss":75},{"damage_healed":0,"gold_gain":0,"player_choice":"Got Potions","damage_taken":0,"max_hp_gain":0,"max_hp_loss":0,"event_name":"Lab","floor":8,"gold_loss":0}],"is_beta":false,"boss_relics":[],"items_purged_floors":[11],"is_endless":false,"potions_floor_spawned":[2,3],"killed_by":"The Guardian","ascension_level":15}