{"gold_per_floor":[14,33,49,65,83,115,115,144,144,159,159,159,177,196,196,269,269,289,289,169,179,179,179,196,229,229,264,264,35,35,35,35,112,112,127,143,143,143],"floor_reached":38,"playtime":1640,"items_purged":["Strike_G","Strike_G"],"score":746,"play_id":"4e0ecd79-3781-4a1e-8d4d-a48453dd7645","local_time":"20231120232436","is_ascension_mode":true,"campfire_choices":[{"data":"Dagger Spray","floor":7,"key":"SMITH"},{"data":"Terror","floor":12,"key":"SMITH"},{"data":"Calculated Gamble","floor":15,"key":"SMITH"},{"data":"Blade Dance","floor":23,"key":"SMITH"},{"floor":30,"key":"REST"},{"data":"Well Laid Plans","floor":32,"key":"SMITH"}],"neow_cost":"NO_GOLD","seed_source_timestamp":483355688116200,"circlet_count":0,"master_deck":["AscendersBane","Strike_G","Strike_G","Defend_G","Defend_G","Defend_G","Defend_G","Survivor","Neutralize","Dagger Spray+1","Predator+1","Terror+1","Endless Agony","Escape Plan","Leg Sweep","Calculated Gamble+1","Adrenaline","Deflect","Blade Dance+1","Backflip","Well Laid Plans+1","PiercingWail","Acrobatics","Footwork","Phantasmal Killer","Eviscerate","Reflex+1"],"relics":["Ring of the Snake","Strawberry","Regal Pillow","HoveringKite","Turnip","Juzu Bracelet","Question Card","Philosopher\u0027s Stone"],"potions_floor_usage":[10,16,25,27,33,38],"damage_taken":[{"damage":7,"enemies":"Jaw Worm","floor":1,"turns":5},{"damage":0,"enemies":"Small Slimes","floor":2,"turns":3},{"damage":0,"enemies":"Cultist","floor":3,"turns":3},{"damage":0,"enemies":"3 Louse","floor":4,"turns":3},{"damage":3,"enemies":"Blue Slaver","floor":5,"turns":4},{"damage":26,"enemies":"Gremlin Nob","floor":6,"turns":5},{"damage":6,"enemies":"Lagavulin","floor":8,"turns":7},{"damage":4,"enemies":"Exordium Thugs","floor":10,"turns":5},{"damage":0,"enemies":"3 Louse","floor":13,"turns":3},{"damage":0,"enemies":"Looter","floor":14,"turns":3},{"damage":11,"enemies":"The Guardian","floor":16,"turns":13},{"damage":5,"enemies":"Shell Parasite","floor":18,"turns":6},{"damage":0,"enemies":"3 Byrds","floor":21,"turns":5},{"damage":1,"enemies":"Snecko","floor":24,"turns":5},{"damage":3,"enemies":"Slavers","floor":25,"turns":4},{"damage":19,"enemies":"Book of Stabbing","floor":27,"turns":6},{"damage":20,"enemies":"Automaton","floor":33,"turns":9},{"damage":27,"enemies":"3 Shapes","floor":35,"turns":6},{"damage":4,"enemies":"Orb Walker","floor":36,"turns":3},{"damage":51,"enemies":"2 Orb Walkers","floor":38,"turns":3}],"seed_played":"-1636783381751791090","potions_obtained":[{"floor":6,"key":"Strength Potion"},{"floor":8,"key":"Poison Potion"},{"floor":10,"key":"Fruit Juice"},{"floor":14,"key":"SpeedPotion"},{"floor":16,"key":"Block Potion"},{"floor":21,"key":"DistilledChaos"},{"floor":27,"key":"CultistPotion"},{"floor":33,"key":"FearPotion"},{"floor":36,"key":"Energy Potion"}],"is_trial":false,"path_per_floor":["M","M","M","M","M","E","R","E","T","M","?","R","M","M","R","B",null,"M","?","$","M","?","R","M","E","T","E","?","$","R","$","R","B",null,"M","M","?","?"],"character_chosen":"THE_SILENT","items_purchased":["Blade Dance","Acrobatics","Footwork"],"campfire_rested":1,"item_purchase_floors":[20,29,29],"current_hp_per_floor":[52,52,52,52,49,30,30,24,24,25,25,25,25,25,25,14,62,57,57,57,57,57,57,56,53,53,34,12,12,51,51,51,31,70,43,39,39,0],"gold":143,"neow_bonus":"REMOVE_TWO","is_prod":false,"is_daily":false,"chose_seed":false,"campfire_upgraded":5,"win_rate":0,"timestamp":1700551476,"path_taken":["M","M","M","M","M","E","R","E","T","M","?","R","M","M","R","BOSS","M","?","$","?","?","R","M","E","T","E","?","?","R","$","R","BOSS","M","M","?","?"],"build_version":"2022-12-18","purchased_purges":2,"victory":false,"max_hp_per_floor":[66,66,66,66,66,73,73,73,73,78,78,78,78,78,78,78,78,78,78,78,78,78,78,78,78,78,78,83,83,83,83,83,83,83,83,83,83,83],"card_choices":[{"not_picked":["Bane","Acrobatics"],"picked":"Dagger Spray","floor":1},{"not_picked":["Distraction","Deflect"],"picked":"Predator","floor":2},{"not_picked":["Quick Slash","Tactician"],"picked":"Terror","floor":3},{"not_picked":["Unload","Dagger Spray"],"picked":"Endless Agony","floor":4},{"not_picked":["Flechettes","Reflex"],"picked":"Escape Plan","floor":5},{"not_picked":["Riddle With Holes","Poisoned Stab"],"picked":"Leg Sweep","floor":6},{"not_picked":["Cloak And Dagger","Choke","Outmaneuver"],"picked":"SKIP","floor":8},{"not_picked":["Flying Knee","Bane","Deadly Poison"],"picked":"SKIP","floor":10},{"not_picked":["Flying Knee","Bane","Deadly Poison"],"picked":"SKIP","floor":10},{"not_picked":["Bullet Time","Slice","Choke"],"picked":"SKIP","floor":13},{"not_picked":["Flying Knee","Finisher"],"picked":"Calculated Gamble","floor":14},{"not_picked":["Phantasmal Killer","Envenom"],"picked":"Adrenaline","floor":16},{"not_picked":["Skewer+1","Dagger Throw"],"picked":"Deflect","floor":18},{"not_picked":["Backstab","Sucker Punch"],"picked":"Backflip","floor":21},{"not_picked":["Skewer","Sucker Punch"],"picked":"Well Laid Plans","floor":24},{"not_picked":["Dagger Spray","Terror","Distraction"],"picked":"SKIP","floor":25},{"not_picked":["Dodge and Roll","All Out Attack"],"picked":"PiercingWail","floor":27},{"not_picked":["Burst","Corpse Explosion","A Thousand Cuts"],"picked":"Phantasmal Killer","floor":33},{"not_picked":["Leg Sweep+1","Crippling Poison","Escape Plan"],"picked":"Eviscerate","floor":35},{"not_picked":["Deflect+1","Dagger Throw","Slice"],"picked":"Reflex+1","floor":36}],"player_experience":912974,"relics_obtained":[{"floor":6,"key":"Strawberry"},{"floor":8,"key":"Regal Pillow"},{"floor":25,"key":"Turnip"},{"floor":26,"key":"Juzu Bracelet"},{"floor":27,"key":"Question Card"}],"event_choices":[{"damage_healed":0,"gold_gain":0,"player_choice":"Ignored","damage_taken":0,"max_hp_gain":0,"max_hp_loss":0,"event_name":"Liars Game","floor":11,"gold_loss":0},{"damage_healed":0,"gold_gain":0,"player_choice":"Forge","damage_taken":0,"max_hp_gain":0,"max_hp_loss":0,"event_name":"Accursed Blacksmith","floor":19,"gold_loss":0,"cards_upgraded":["Predator"]},{"damage_healed":0,"gold_gain":0,"player_choice":"Ignored","damage_taken":0,"max_hp_gain":0,"max_hp_loss":0,"event_name":"Ghosts","floor":22,"gold_loss":0},{"damage_healed":0,"gold_gain":0,"player_choice":"Shed Blood","damage_taken":27,"max_hp_gain":5,"max_hp_loss":0,"event_name":"Forgotten Altar","floor":28,"gold_loss":0},{"damage_healed":0,"gold_gain":0,"player_choice":"Ignored","damage_taken":0,"max_hp_gain":0,"max_hp_loss":0,"event_name":"Tomb of Lord Red Mask","floor":37,"gold_loss":0},{"damage_healed":0,"gold_gain":0,"player_choice":"Fight","damage_taken":0,"max_hp_gain":0,"max_hp_loss":0,"event_name":"Mysterious Sphere","floor":38,"gold_loss":0}],"is_beta":false,"boss_relics":[{"not_picked":["Busted Crown","Ectoplasm"],"picked":"HoveringKite"},{"not_picked":["Calling Bell","Pandora\u0027s Box"],"picked":"Philosopher\u0027s Stone"}],"items_purged_floors":[20,29],"is_endless":false,"potions_floor_spawned":[6,8,10,14,16,18,21,27,33,36],"killed_by":"2 Orb Walkers","ascension_level":15}