{"gold_per_floor":[112,112,127,147,172,172,200,200,200,200,227,227,261,279,279,350,350,350,350,350,256,256,256],"floor_reached":23,"playtime":986,"items_purged":["Strike_G"],"score":421,"play_id":"5759f093-a7ec-46cf-b612-5500c4bff58e","local_time":"20231206214950","is_ascension_mode":true,"campfire_choices":[{"data":"All Out Attack","floor":6,"key":"SMITH"},{"data":"Eviscerate","floor":8,"key":"SMITH"},{"data":"Well Laid Plans","floor":10,"key":"SMITH"},{"floor":12,"key":"REST"},{"data":"Underhanded Strike","floor":15,"key":"SMITH"}],"neow_cost":"NONE","seed_source_timestamp":1860792454480300,"circlet_count":0,"master_deck":["AscendersBane","Strike_G","Strike_G","Strike_G","Strike_G","Defend_G","Defend_G","Defend_G","Defend_G","Defend_G","Survivor","Neutralize","Well Laid Plans+1","All Out Attack+1","Eviscerate+1","Endless Agony","Acrobatics","Leg Sweep","Underhanded Strike+1","Phantasmal Killer+1","Terror"],"relics":["Ring of the Snake","Anchor","Pantograph","Nunchaku","Ninja Scroll","Frozen Egg 2","Omamori","The Courier","Ectoplasm"],"potions_floor_usage":[7,11,13],"damage_taken":[{"damage":0,"enemies":"Jaw Worm","floor":1,"turns":5},{"damage":0,"enemies":"2 Louse","floor":3,"turns":4},{"damage":0,"enemies":"Cultist","floor":4,"turns":4},{"damage":15,"enemies":"Lagavulin","floor":7,"turns":8},{"damage":0,"enemies":"3 Sentries","floor":11,"turns":4},{"damage":15,"enemies":"Lagavulin","floor":13,"turns":5},{"damage":0,"enemies":"Red Slaver","floor":14,"turns":4},{"damage":35,"enemies":"The Guardian","floor":16,"turns":14},{"damage":6,"enemies":"3 Byrds","floor":18,"turns":5},{"damage":14,"enemies":"Spheric Guardian","floor":19,"turns":4},{"damage":0,"enemies":"Snake Plant","floor":22,"turns":3},{"damage":36,"enemies":"Book of Stabbing","floor":23,"turns":4}],"seed_played":"2903199217512408945","potions_obtained":[{"floor":3,"key":"Block Potion"},{"floor":4,"key":"DuplicationPotion"},{"floor":7,"key":"Explosive Potion"},{"floor":16,"key":"GhostInAJar"},{"floor":22,"key":"Energy Potion"}],"is_trial":false,"path_per_floor":["M","?","M","M","T","R","E","R","T","R","E","R","E","M","R","B",null,"M","M","?","$","M","E"],"character_chosen":"THE_SILENT","items_purchased":["Terror"],"campfire_rested":1,"item_purchase_floors":[21],"current_hp_per_floor":[59,33,33,33,33,33,18,18,18,18,18,37,22,22,22,12,53,47,33,33,33,33,0],"gold":256,"neow_bonus":"RANDOM_COMMON_RELIC","is_prod":false,"is_daily":false,"chose_seed":false,"campfire_upgraded":4,"win_rate":0,"timestamp":1701928190,"path_taken":["M","?","M","M","?","R","E","R","T","R","E","R","E","M","R","BOSS","M","M","?","$","M","E"],"build_version":"2022-12-18","purchased_purges":1,"victory":false,"max_hp_per_floor":[66,66,66,66,66,66,66,66,66,66,66,66,66,66,66,66,66,66,66,66,66,66,66],"card_choices":[{"not_picked":["Quick Slash","Tactician"],"picked":"Well Laid Plans","floor":1},{"not_picked":["Prepared","Caltrops"],"picked":"All Out Attack","floor":3},{"not_picked":["Cloak And Dagger","Deflect"],"picked":"Eviscerate","floor":4},{"not_picked":["Deadly Poison","Bane"],"picked":"Endless Agony","floor":7},{"not_picked":["Heel Hook","Flying Knee"],"picked":"Acrobatics","floor":11},{"not_picked":["Concentrate","Bouncing Flask"],"picked":"Leg Sweep","floor":13},{"not_picked":["Deadly Poison","Flechettes"],"picked":"Underhanded Strike","floor":14},{"not_picked":["Glass Knife","Malaise"],"picked":"Phantasmal Killer","floor":16},{"not_picked":["Expertise","Dagger Throw","Crippling Poison"],"picked":"SKIP","floor":18},{"not_picked":["Expertise","Dagger Throw","Crippling Poison"],"picked":"SKIP","floor":18},{"not_picked":["Poisoned Stab+1","Bouncing Flask+1","Riddle With Holes"],"picked":"SKIP","floor":19},{"not_picked":["Underhanded Strike","Noxious Fumes+1","Deadly Poison+1"],"picked":"SKIP","floor":22}],"player_experience":933723,"relics_obtained":[{"floor":5,"key":"Nunchaku"},{"floor":7,"key":"Ninja Scroll"},{"floor":9,"key":"Frozen Egg 2"},{"floor":11,"key":"Omamori"},{"floor":13,"key":"The Courier"}],"event_choices":[{"damage_healed":0,"gold_gain":0,"player_choice":"Success","damage_taken":26,"relics_obtained":["Pantograph"],"max_hp_gain":0,"max_hp_loss":0,"event_name":"Scrap Ooze","floor":2,"gold_loss":0},{"damage_healed":0,"gold_gain":0,"player_choice":"Forge","damage_taken":0,"max_hp_gain":0,"max_hp_loss":0,"event_name":"Accursed Blacksmith","floor":20,"gold_loss":0,"cards_upgraded":["Phantasmal Killer"]}],"is_beta":false,"boss_relics":[{"not_picked":["Empty Cage","SacredBark"],"picked":"Ectoplasm"}],"items_purged_floors":[21],"is_endless":false,"potions_floor_spawned":[3,4,7,16,22],"killed_by":"Book of Stabbing","ascension_level":16}