{"gold_per_floor":[14,30,30,30,40,40,55,89,89,122,122,150,150,161,161,238,238,252,177,191,219,231,263,263,288,288,303,303,303,353,379,379,450,450,468,468,368,368,384,415,415,449,475,510,520,555,569,569,569,569,569,569,38,63,63],"floor_reached":56,"playtime":3757,"items_purged":["Strike_G","Strike_G","Strike_G"],"score":2484,"play_id":"8fea3d75-276e-49a8-a01d-1076206d82a3","local_time":"20231207000352","is_ascension_mode":true,"campfire_choices":[{"data":"Underhanded Strike","floor":6,"key":"SMITH"},{"data":"Calculated Gamble","floor":13,"key":"SMITH"},{"data":"Well Laid Plans","floor":15,"key":"SMITH"},{"floor":28,"key":"REST"},{"floor":32,"key":"REST"},{"data":"Acrobatics","floor":41,"key":"SMITH"},{"floor":49,"key":"RECALL"},{"data":"Tactician","floor":52,"key":"SMITH"}],"neow_cost":"NO_GOLD","seed_source_timestamp":1866041075816500,"circlet_count":0,"master_deck":["AscendersBane","Defend_G","Defend_G+1","Defend_G","Defend_G","Survivor","Neutralize","Acrobatics+1","Underhanded Strike+1","Calculated Gamble+1","Tactician+1","Deadly Poison+1","Well Laid Plans+1","Blade Dance","Adrenaline","Underhanded Strike+1","PiercingWail+1","Escape Plan","Blade Dance","Adrenaline","Footwork","Adrenaline","Well Laid Plans+1","Impatience","Terror+1","Prepared+1","Calculated Gamble+1","Blade Dance+1","Reflex+1","Accuracy","Dodge and Roll+1","Expertise+1"],"relics":["Ring of the Snake","CaptainsWheel","Kunai","Bottled Lightning","War Paint","Boot","HoveringKite","Red Mask","Blue Candle","Art of War","Turnip","Thread and Needle","Coffee Dripper","Toxic Egg 2","InkBottle","Question Card","Peace Pipe","HandDrill","Bird Faced Urn"],"potions_floor_usage":[10,16,17,25,25,42,55,55],"damage_taken":[{"damage":0,"enemies":"Jaw Worm","floor":1,"turns":5},{"damage":2,"enemies":"Cultist","floor":2,"turns":5},{"damage":1,"enemies":"Small Slimes","floor":5,"turns":4},{"damage":1,"enemies":"2 Fungi Beasts","floor":7,"turns":4},{"damage":22,"enemies":"Gremlin Nob","floor":8,"turns":4},{"damage":5,"enemies":"Lagavulin","floor":10,"turns":5},{"damage":0,"enemies":"Gremlin Nob","floor":12,"turns":4},{"damage":4,"enemies":"Blue Slaver","floor":14,"turns":5},{"damage":9,"enemies":"Hexaghost","floor":16,"turns":10},{"damage":0,"enemies":"3 Byrds","floor":18,"turns":4},{"damage":6,"enemies":"Shell Parasite","floor":20,"turns":3},{"damage":0,"enemies":"Masked Bandits","floor":21,"turns":4},{"damage":0,"enemies":"Sentry and Sphere","floor":22,"turns":3},{"damage":0,"enemies":"Gremlin Leader","floor":23,"turns":5},{"damage":10,"enemies":"Slavers","floor":25,"turns":6},{"damage":20,"enemies":"Snecko","floor":27,"turns":5},{"damage":4,"enemies":"Book of Stabbing","floor":31,"turns":4},{"damage":11,"enemies":"Collector","floor":33,"turns":11},{"damage":0,"enemies":"Orb Walker","floor":35,"turns":2},{"damage":0,"enemies":"3 Shapes","floor":39,"turns":3},{"damage":1,"enemies":"Nemesis","floor":40,"turns":7},{"damage":14,"enemies":"Reptomancer","floor":42,"turns":6},{"damage":0,"enemies":"Nemesis","floor":44,"turns":3},{"damage":0,"enemies":"Sphere and 2 Shapes","floor":45,"turns":3},{"damage":0,"enemies":"Giant Head","floor":46,"turns":3},{"damage":0,"enemies":"4 Shapes","floor":47,"turns":2},{"damage":0,"enemies":"Awakened One","floor":50,"turns":8},{"damage":0,"enemies":"Shield and Spear","floor":54,"turns":3},{"damage":18,"enemies":"The Heart","floor":55,"turns":7}],"seed_played":"6593302074088449231","potions_obtained":[{"floor":5,"key":"Fruit Juice"},{"floor":8,"key":"FearPotion"},{"floor":10,"key":"ColorlessPotion"},{"floor":14,"key":"Block Potion"},{"floor":18,"key":"FearPotion"},{"floor":20,"key":"SkillPotion"},{"floor":39,"key":"ColorlessPotion"},{"floor":40,"key":"Dexterity Potion"},{"floor":45,"key":"EssenceOfSteel"}],"is_trial":false,"path_per_floor":["M","M","$","?","M","R","M","E","T","E","?","E","R","M","R","B",null,"M","$","M","?","M","E","?","E","T","M","R","?","?","E","R","B",null,"M","?","$","?","M","E","R","E","T","E","M","E","M","?","R","B",null,"R","$","E","B",null],"character_chosen":"THE_SILENT","items_purchased":["Accuracy","Dodge and Roll+1","Swift Potion","Expertise+1","HandDrill"],"campfire_rested":2,"item_purchase_floors":[53,53,53,53,53],"current_hp_per_floor":[59,57,57,57,56,56,55,33,33,28,28,28,28,24,24,15,58,58,58,52,52,52,52,32,22,22,2,24,24,24,20,42,31,65,65,55,55,55,55,54,54,40,40,40,40,40,40,40,40,40,64,64,64,64,54],"gold":63,"neow_bonus":"REMOVE_TWO","is_prod":false,"is_daily":false,"chose_seed":false,"campfire_upgraded":5,"win_rate":0,"timestamp":1701936232,"path_taken":["M","M","$","?","?","R","M","E","T","E","?","E","R","M","R","BOSS","M","$","M","?","M","E","?","E","T","M","R","?","?","E","R","BOSS","M","?","$","?","M","E","R","E","T","E","M","E","M","?","R","BOSS","R","$","E","BOSS"],"build_version":"2022-12-18","purchased_purges":3,"victory":true,"max_hp_per_floor":[66,66,66,66,66,66,66,66,66,66,66,66,66,66,66,66,71,71,71,71,71,71,71,76,76,76,76,76,76,76,76,76,76,76,76,76,76,72,72,72,72,72,72,72,72,72,72,72,72,72,72,72,72,72,72],"card_choices":[{"not_picked":["Bane","Leg Sweep"],"picked":"Acrobatics","floor":1},{"not_picked":["Deflect","Outmaneuver"],"picked":"Underhanded Strike","floor":2},{"not_picked":["Tactician","Underhanded Strike"],"picked":"Calculated Gamble","floor":5},{"not_picked":["Flying Knee","Flechettes"],"picked":"Tactician","floor":7},{"not_picked":["Masterful Stab","Flying Knee"],"picked":"Deadly Poison","floor":8},{"not_picked":["Finisher","Bane","Caltrops"],"picked":"SKIP","floor":10},{"not_picked":["Finisher","Bane","Caltrops"],"picked":"SKIP","floor":10},{"not_picked":["Adrenaline","Finisher"],"picked":"Well Laid Plans","floor":12},{"not_picked":["Deflect","Concentrate"],"picked":"Blade Dance","floor":14},{"not_picked":["Glass Knife","Night Terror"],"picked":"Adrenaline","floor":16},{"not_picked":["Bouncing Flask","Dagger Throw"],"picked":"Underhanded Strike+1","floor":18},{"not_picked":["Quick Slash","Flying Knee","Predator"],"picked":"SKIP","floor":20},{"not_picked":["Underhanded Strike","PiercingWail+1","Flying Knee"],"picked":"SKIP","floor":22},{"not_picked":["Underhanded Strike","Flying Knee"],"picked":"PiercingWail+1","floor":22},{"not_picked":["Dodge and Roll+1","Well Laid Plans","Bane"],"picked":"SKIP","floor":23},{"not_picked":["Distraction","Deflect"],"picked":"Escape Plan","floor":25},{"not_picked":["Caltrops","Prepared"],"picked":"Blade Dance","floor":27},{"not_picked":["Distraction","Storm of Steel"],"picked":"Footwork","floor":31},{"not_picked":["Glass Knife","Envenom"],"picked":"Adrenaline","floor":33},{"not_picked":["Noxious Fumes","Blade Dance"],"picked":"Well Laid Plans+1","floor":35},{"not_picked":["PanicButton","Deep Breath"],"picked":"Impatience","floor":36},{"not_picked":["Bouncing Flask","Dagger Spray+1","Prepared"],"picked":"SKIP","floor":39},{"not_picked":["Prepared+1","Leg Sweep+1"],"picked":"Terror+1","floor":40},{"not_picked":["Cloak And Dagger+1","Choke"],"picked":"Prepared+1","floor":42},{"not_picked":["PiercingWail+1","Flying Knee"],"picked":"Calculated Gamble+1","floor":44},{"not_picked":["Cloak And Dagger+1","Dash","Deadly Poison+1"],"picked":"Blade Dance+1","floor":45},{"not_picked":["Infinite Blades","Noxious Fumes+1","Distraction+1","Underhanded Strike"],"picked":"SKIP","floor":46},{"not_picked":["Deflect+1","Poisoned Stab","Die Die Die"],"picked":"Reflex+1","floor":47},{"not_picked":["Bouncing Flask+1","Dagger Throw","Cloak And Dagger+1","Underhanded Strike"],"picked":"SKIP","floor":54}],"player_experience":934709,"relics_obtained":[{"floor":8,"key":"CaptainsWheel"},{"floor":9,"key":"Kunai"},{"floor":10,"key":"Bottled Lightning"},{"floor":12,"key":"Boot"},{"floor":21,"key":"Red Mask"},{"floor":23,"key":"Blue Candle"},{"floor":25,"key":"Art of War"},{"floor":26,"key":"Turnip"},{"floor":31,"key":"Thread and Needle"},{"floor":40,"key":"Toxic Egg 2"},{"floor":42,"key":"InkBottle"},{"floor":44,"key":"Question Card"},{"floor":46,"key":"Peace Pipe"},{"floor":54,"key":"Bird Faced Urn"}],"event_choices":[{"damage_healed":0,"gold_gain":0,"player_choice":"0 cards matched","damage_taken":0,"max_hp_gain":0,"max_hp_loss":0,"event_name":"Match and Keep!","floor":4,"gold_loss":0,"cards_obtained":[]},{"damage_healed":0,"gold_gain":0,"player_choice":"Gave Potion","damage_taken":0,"relics_obtained":["War Paint"],"max_hp_gain":0,"max_hp_loss":0,"event_name":"WeMeetAgain","floor":11,"gold_loss":0},{"damage_healed":0,"gold_gain":0,"player_choice":"Fought Bandits","damage_taken":0,"max_hp_gain":0,"max_hp_loss":0,"event_name":"Masked Bandits","floor":21,"gold_loss":0},{"damage_healed":0,"gold_gain":0,"player_choice":"Shed Blood","damage_taken":25,"max_hp_gain":5,"max_hp_loss":0,"event_name":"Forgotten Altar","floor":24,"gold_loss":0},{"damage_healed":0,"gold_gain":0,"player_choice":"Read","damage_taken":0,"max_hp_gain":0,"max_hp_loss":0,"event_name":"The Library","floor":29,"gold_loss":0,"cards_obtained":["Adrenaline"]},{"damage_healed":0,"gold_gain":50,"player_choice":"Stole From Cult","damage_taken":0,"max_hp_gain":0,"max_hp_loss":0,"event_name":"Nest","floor":30,"gold_loss":0},{"damage_healed":0,"gold_gain":0,"player_choice":"Memory 3","damage_taken":10,"max_hp_gain":0,"max_hp_loss":0,"event_name":"SensoryStone","floor":36,"gold_loss":0},{"damage_healed":0,"gold_gain":0,"player_choice":"Max HP","damage_taken":0,"max_hp_gain":0,"max_hp_loss":4,"event_name":"Winding Halls","floor":38,"gold_loss":0},{"cards_removed":["Strike_G"],"damage_healed":0,"gold_gain":0,"player_choice":"Purged","damage_taken":0,"max_hp_gain":0,"max_hp_loss":0,"event_name":"Purifier","floor":48,"gold_loss":0}],"is_beta":false,"boss_relics":[{"not_picked":["Tiny House","Runic Pyramid"],"picked":"HoveringKite"},{"not_picked":["Ring of the Serpent","Busted Crown"],"picked":"Coffee Dripper"}],"items_purged_floors":[19,37,53],"is_endless":false,"potions_floor_spawned":[5,8,10,14,18,20,21,23,39,40,45,47],"ascension_level":16}