{"gold_per_floor":[219,238,288,304,324,324,341,341,364,396,396,35,48,48,48,125,125,135,135,153,0,0,0,0,31,57,57,75,100,114,129,129,208,208,226,244,256,9,59,59,34,59,106,152,164,206,218,240,252,264,276,288,39,70,70],"floor_reached":56,"playtime":2861,"items_purged":["Strike_G","Infinite Blades+1","Defend_G"],"score":2343,"play_id":"bfd50318-12fb-49ac-a099-8d0aa887af7f","local_time":"20231216185329","is_ascension_mode":true,"campfire_choices":[{"data":"Blade Dance","floor":6.0,"key":"SMITH"},{"data":"Dash","floor":8.0,"key":"SMITH"},{"data":"Deadly Poison","floor":11.0,"key":"SMITH"},{"floor":15.0,"key":"REST"},{"data":"Neutralize","floor":23.0,"key":"SMITH"},{"data":"Survivor","floor":27.0,"key":"SMITH"},{"floor":32.0,"key":"REST"},{"data":"Defend_G","floor":40.0,"key":"SMITH"},{"floor":49.0,"key":"RECALL"},{"floor":52,"key":"REST"}],"neow_cost":"NONE","seed_source_timestamp":287543719949400,"circlet_count":0,"master_deck":["AscendersBane","Defend_G+1","Defend_G","Defend_G","Defend_G","Survivor+1","Neutralize+1","Dash+1","Skewer","Deadly Poison+1","Blade Dance+1","Catalyst+1","Venomology+1","Well Laid Plans+1","Poisoned Stab","Bouncing Flask+1","Catalyst+1","Ghostly+1","Ghostly+1","Ghostly+1","PiercingWail+1","Tactician+1","Burst+1","Acrobatics+1","Acrobatics+1","Impatience+1","Backflip+1","Burst+1","Backflip+1"],"special_seed":0,"relics":["Ring of the Snake","Regal Pillow","Bag of Marbles","Toxic Egg 2","Astrolabe","Snake Skull","Potion Belt","Velvet Choker","Oddly Smooth Stone","MawBank","Blood Vial","Frozen Egg 2","Nunchaku"],"potions_floor_usage":[54,55,55],"damage_taken":[{"damage":7.0,"enemies":"Cultist","floor":1.0,"turns":5.0},{"damage":2.0,"enemies":"Jaw Worm","floor":2.0,"turns":6.0},{"damage":4.0,"enemies":"Small Slimes","floor":4.0,"turns":5.0},{"damage":23.0,"enemies":"Exordium Wildlife","floor":5.0,"turns":7.0},{"damage":7.0,"enemies":"Gremlin Gang","floor":7.0,"turns":6.0},{"damage":0.0,"enemies":"Gremlin Nob","floor":10.0,"turns":3.0},{"damage":0.0,"enemies":"Looter","floor":13.0,"turns":3.0},{"damage":25.0,"enemies":"The Guardian","floor":16.0,"turns":10.0},{"damage":4.0,"enemies":"Chosen","floor":18.0,"turns":5.0},{"damage":8.0,"enemies":"Spheric Guardian","floor":20.0,"turns":4.0},{"damage":4.0,"enemies":"Book of Stabbing","floor":25.0,"turns":5.0},{"damage":1.0,"enemies":"Centurion and Healer","floor":28.0,"turns":7.0},{"damage":0.0,"enemies":"Gremlin Leader","floor":29.0,"turns":3.0},{"damage":0.0,"enemies":"3 Cultists","floor":30.0,"turns":2.0},{"damage":22.0,"enemies":"Shelled Parasite and Fungi","floor":31.0,"turns":4.0},{"damage":3.0,"enemies":"Champ","floor":33.0,"turns":11.0},{"damage":9.0,"enemies":"3 Darklings","floor":35.0,"turns":4.0},{"damage":0.0,"enemies":"Orb Walker","floor":36.0,"turns":4.0},{"damage":5.0,"enemies":"Jaw Worm Horde","floor":37.0,"turns":6.0},{"damage":19.0,"enemies":"Reptomancer","floor":42.0,"turns":5.0},{"damage":0.0,"enemies":"Giant Head","floor":44.0,"turns":5.0},{"damage":33.0,"enemies":"Nemesis","floor":46.0,"turns":5.0},{"damage":0.0,"enemies":"Maw","floor":48.0,"turns":4.0},{"damage":4,"enemies":"Donu and Deca","floor":50,"turns":7},{"damage":0,"enemies":"Shield and Spear","floor":54,"turns":7},{"damage":16,"enemies":"The Heart","floor":55,"turns":6}],"seed_played":"5387621381202185719","potions_obtained":[{"floor":1.0,"key":"Fruit Juice"},{"floor":4.0,"key":"Poison Potion"},{"floor":5.0,"key":"FearPotion"},{"floor":10.0,"key":"Strength Potion"},{"floor":29.0,"key":"Poison Potion"},{"floor":30.0,"key":"Ancient Potion"},{"floor":33.0,"key":"Ancient Potion"},{"floor":35.0,"key":"SteroidPotion"},{"floor":42.0,"key":"Explosive Potion"},{"floor":54,"key":"LiquidMemories"}],"is_trial":false,"path_per_floor":["M","M","?","M","M","R","M","R","T","E","R","$","M","?","R","B",null,"M","?","M","$","?","R","?","E","T","R","M","E","M","M","R","B",null,"M","M","M","$","?","R","$","E","T","E","?","E","?","M","R","B",null,"R","$","E","B",null],"character_chosen":"THE_SILENT","items_purchased":["Toxic Egg 2","Catalyst+1","Catalyst+1","Acrobatics+1","Impatience+1","Backflip+1","GamblersBrew","Backflip+1"],"campfire_rested":3,"item_purchase_floors":[12,12,21,38,38,41,53,53],"current_hp_per_floor":[52,50,50,46,23,23,16,16,16,16,16,16,16,16,55,30,61,57,57,49,49,35,35,28,24,24,24,23,23,23,1,28,25,36,27,27,22,22,22,22,22,3,3,3,3,12,12,14,14,12,33,40,40,40,24],"gold":70,"neow_bonus":"HUNDRED_GOLD","is_prod":false,"is_daily":false,"chose_seed":false,"campfire_upgraded":6,"win_rate":0,"timestamp":1702781609,"path_taken":["M","M","?","M","M","R","M","R","T","E","R","$","?","?","R","BOSS","M","?","M","$","?","R","?","E","T","R","M","E","?","M","R","BOSS","M","M","?","$","?","R","?","E","T","E","?","E","?","?","R","BOSS","R","$","E","BOSS"],"build_version":"2022-12-18","purchased_purges":3,"victory":true,"max_hp_per_floor":[66,66,66,66,66,66,66,66,66,66,66,66,66,66,71,71,71,71,71,71,71,35,35,40,40,40,40,40,40,40,40,40,40,40,40,40,40,40,40,40,40,40,40,40,40,40,40,40,40,40,40,40,40,40,40],"card_choices":[{"not_picked":["Reflex","Riddle With Holes"],"picked":"Dash","floor":1.0},{"not_picked":["Accuracy","Setup"],"picked":"Skewer","floor":2.0},{"not_picked":["Prepared","Dash"],"picked":"Deadly Poison","floor":4.0},{"not_picked":["Underhanded Strike","Bane"],"picked":"Blade Dance","floor":5.0},{"not_picked":["Prepared","Sucker Punch","Dodge and Roll"],"picked":"SKIP","floor":7.0},{"not_picked":["Quick Slash","Bouncing Flask","Bane"],"picked":"SKIP","floor":10.0},{"not_picked":["Reflex+1","Slice","All Out Attack"],"picked":"SKIP","floor":13.0},{"not_picked":["Grand Finale","Corpse Explosion+1"],"picked":"Venomology+1","floor":16.0},{"not_picked":["Underhanded Strike","Flying Knee"],"picked":"Poisoned Stab","floor":18.0},{"not_picked":["Skewer","Deflect+1"],"picked":"Bouncing Flask+1","floor":20.0},{"not_picked":["Bane","Terror+1","Flying Knee"],"picked":"SKIP","floor":25.0},{"not_picked":["Dagger Throw","Endless Agony+1","Blade Dance+1"],"picked":"SKIP","floor":28.0},{"not_picked":["Choke+1","Grand Finale"],"picked":"PiercingWail+1","floor":29.0},{"not_picked":["Eviscerate+1","Skewer"],"picked":"Tactician+1","floor":30.0},{"not_picked":["Slice","Blur+1","Cloak And Dagger+1"],"picked":"SKIP","floor":31.0},{"not_picked":["Malaise+1","Phantasmal Killer+1"],"picked":"Burst+1","floor":33.0},{"not_picked":["Prepared+1","Dash+1"],"picked":"Acrobatics+1","floor":35.0},{"not_picked":["PiercingWail+1","Concentrate+1","Bane+1"],"picked":"SKIP","floor":36.0},{"not_picked":["Sucker Punch","Dagger Spray","Outmaneuver+1"],"picked":"SKIP","floor":37.0},{"not_picked":["Poisoned Stab","Dagger Spray","Underhanded Strike"],"picked":"SKIP","floor":42.0},{"not_picked":["Sucker Punch","Acrobatics+1"],"picked":"Burst+1","floor":44.0},{"not_picked":["Sucker Punch","Underhanded Strike","Unload"],"picked":"SKIP","floor":46.0},{"not_picked":["Predator","Deadly Poison+1","Deflect+1"],"picked":"SKIP","floor":48.0},{"not_picked":["Dagger Spray","Underhanded Strike","Blade Dance+1"],"picked":"SKIP","floor":54}],"player_experience":1009710,"relics_obtained":[{"floor":9.0,"key":"Regal Pillow"},{"floor":10.0,"key":"Bag of Marbles"},{"floor":25.0,"key":"Snake Skull"},{"floor":29.0,"key":"Potion Belt"},{"floor":42.0,"key":"Oddly Smooth Stone"},{"floor":43.0,"key":"MawBank"},{"floor":44.0,"key":"Blood Vial"},{"floor":46.0,"key":"Frozen Egg 2"},{"floor":54,"key":"Nunchaku"}],"event_choices":[{"damage_healed":0.0,"max_hp_gain":0.0,"max_hp_loss":0.0,"gold_gain":50.0,"event_name":"Golden Shrine","player_choice":"Pray","floor":3.0,"gold_loss":0.0,"damage_taken":0.0},{"cards_removed":["Strike_G"],"damage_healed":0.0,"max_hp_gain":0.0,"max_hp_loss":0.0,"gold_gain":0.0,"event_name":"Living Wall","player_choice":"Forget","floor":14.0,"gold_loss":0.0,"damage_taken":0.0},{"damage_healed":0.0,"max_hp_gain":0.0,"max_hp_loss":0.0,"gold_gain":0.0,"event_name":"The Mausoleum","player_choice":"Ignored","floor":19.0,"gold_loss":0.0,"damage_taken":0.0},{"damage_healed":0.0,"max_hp_gain":0.0,"max_hp_loss":36.0,"gold_gain":0.0,"event_name":"Ghosts","player_choice":"Became a Ghost","floor":22.0,"gold_loss":0.0,"damage_taken":0.0,"cards_obtained":["Ghostly","Ghostly","Ghostly"]},{"damage_healed":0.0,"max_hp_gain":5.0,"max_hp_loss":0.0,"gold_gain":0.0,"event_name":"Forgotten Altar","player_choice":"Shed Blood","floor":24.0,"gold_loss":0.0,"damage_taken":12.0},{"damage_healed":0.0,"max_hp_gain":0.0,"max_hp_loss":0.0,"gold_gain":50.0,"event_name":"Golden Shrine","player_choice":"Pray","floor":39.0,"gold_loss":0.0,"damage_taken":0.0},{"cards_removed":["Dagger Spray"],"damage_healed":0.0,"max_hp_gain":0.0,"max_hp_loss":0.0,"gold_gain":0.0,"event_name":"Falling","player_choice":"Removed Attack","floor":45.0,"gold_loss":0.0,"damage_taken":0.0},{"damage_healed":0.0,"max_hp_gain":0.0,"max_hp_loss":0.0,"gold_gain":0.0,"event_name":"SensoryStone","player_choice":"Memory 1","floor":47.0,"gold_loss":0.0,"damage_taken":0.0}],"is_beta":false,"boss_relics":[{"not_picked":["Snecko Eye","Sozu"],"picked":"Astrolabe"},{"not_picked":["Tiny House","Ring of the Serpent"],"picked":"Velvet Choker"}],"items_purged_floors":[21,38,53],"is_endless":false,"potions_floor_spawned":[1,4,5,10,29,30,33,35,42,54],"ascension_level":18}