{"gold_per_floor":[111,111,122,139,155,155,169,202,202,219,13,13,45,3,3,3],"floor_reached":16,"playtime":699,"items_purged":["Shame"],"score":213,"play_id":"3f2b053c-5277-4130-af88-9647fde870fe","local_time":"20231215014657","is_ascension_mode":true,"campfire_choices":[{"data":"Dagger Spray","floor":6,"key":"SMITH"},{"floor":12,"key":"REST"},{"data":"Well Laid Plans","floor":15,"key":"SMITH"}],"neow_cost":"CURSE","seed_source_timestamp":141865242956000,"circlet_count":0,"master_deck":["AscendersBane","Strike_G","Strike_G","Strike_G","Strike_G+1","Strike_G","Defend_G","Defend_G","Defend_G","Defend_G","Defend_G","Survivor","Neutralize","Dagger Throw+1","Well Laid Plans+1","Dagger Spray+1","Dagger Throw+1","Underhanded Strike","Backflip","Escape Plan"],"relics":["Ring of the Snake","Tough Bandages","Happy Flower","Membership Card","Whetstone"],"potions_floor_usage":[8,13,16,16],"damage_taken":[{"damage":1,"enemies":"Small Slimes","floor":1,"turns":4},{"damage":1,"enemies":"Cultist","floor":3,"turns":4},{"damage":0,"enemies":"2 Louse","floor":4,"turns":2},{"damage":2,"enemies":"2 Fungi Beasts","floor":5,"turns":4},{"damage":29,"enemies":"Gremlin Gang","floor":7,"turns":6},{"damage":7,"enemies":"Gremlin Nob","floor":8,"turns":4},{"damage":16,"enemies":"Exordium Thugs","floor":10,"turns":4},{"damage":7,"enemies":"Lagavulin","floor":13,"turns":8},{"damage":32,"enemies":"Slime Boss","floor":16,"turns":9}],"seed_played":"2211581752004933441","potions_obtained":[{"floor":4,"key":"Dexterity Potion"},{"floor":5,"key":"BlessingOfTheForge"},{"floor":8,"key":"ColorlessPotion"}],"is_trial":false,"path_per_floor":["M","?","M","M","M","R","M","E","T","M","$","R","E","$","R","B"],"character_chosen":"THE_SILENT","items_purchased":["Membership Card","Regen Potion"],"campfire_rested":1,"item_purchase_floors":[11,14],"current_hp_per_floor":[58,58,57,57,55,55,26,19,19,3,3,22,15,15,15,0],"gold":3,"neow_bonus":"ONE_RARE_RELIC","is_prod":false,"is_daily":false,"chose_seed":false,"campfire_upgraded":2,"win_rate":0,"timestamp":1702633617,"path_taken":["M","?","M","?","M","R","M","E","T","M","$","R","E","$","R","BOSS"],"build_version":"2022-12-18","purchased_purges":1,"victory":false,"max_hp_per_floor":[66,66,66,66,66,66,66,66,66,66,66,66,66,66,66,66],"card_choices":[{"not_picked":["Expertise","Accuracy"],"picked":"Dagger Throw","floor":1},{"not_picked":["Flying Knee","Dagger Throw"],"picked":"Well Laid Plans","floor":3},{"not_picked":["Deflect","Heel Hook","Dodge and Roll"],"picked":"SKIP","floor":4},{"not_picked":["Infinite Blades","Bane"],"picked":"Dagger Spray","floor":5},{"not_picked":["PiercingWail","Accuracy"],"picked":"Dagger Throw","floor":7},{"not_picked":["Cloak And Dagger","Acrobatics"],"picked":"Underhanded Strike","floor":8},{"not_picked":["Dagger Spray","Catalyst"],"picked":"Backflip","floor":10},{"not_picked":["Grand Finale","Dash"],"picked":"Escape Plan","floor":13}],"player_experience":997233,"relics_obtained":[{"floor":8,"key":"Happy Flower"},{"floor":13,"key":"Whetstone"}],"event_choices":[{"damage_healed":0,"gold_gain":0,"player_choice":"Upgraded","damage_taken":0,"max_hp_gain":0,"max_hp_loss":0,"event_name":"Upgrade Shrine","floor":2,"gold_loss":0,"cards_upgraded":["Dagger Throw"]}],"is_beta":false,"boss_relics":[],"items_purged_floors":[11],"is_endless":false,"potions_floor_spawned":[4,5,7,8],"killed_by":"Slime Boss","ascension_level":18}