{"gold_per_floor":[20,35,51,69,80,115,115,128,128,128,128,162,162,174,174,245,245,265,293,311,311,330,330,2,36,62,62,87,87,117,131,131,205,205,222,237,24,24,24,358,358,389,460,478,478],"floor_reached":45,"playtime":2891,"items_purged":[],"score":1055,"play_id":"f49f6c81-bb7f-4b94-b97d-07dd720457f3","local_time":"20231209204612","is_ascension_mode":true,"campfire_choices":[{"data":"Poisoned Stab","floor":7.0,"key":"SMITH"},{"floor":11.0,"key":"REST"},{"data":"Deadly Poison","floor":13.0,"key":"SMITH"},{"floor":15.0,"key":"REST"},{"data":"Terror","floor":23.0,"key":"SMITH"},{"data":"Tools of the Trade","floor":27.0,"key":"SMITH"},{"data":"Phantasmal Killer","floor":29.0,"key":"SMITH"},{"data":"Wraith Form v2","floor":32.0,"key":"SMITH"},{"data":"Well Laid Plans","floor":41,"key":"SMITH"}],"neow_cost":"NO_GOLD","seed_source_timestamp":157193513008000,"circlet_count":0,"master_deck":["AscendersBane","Survivor","Neutralize","Poisoned Stab+1","Deadly Poison+1","Backflip","Deflect","After Image","Acrobatics","Acrobatics","Underhanded Strike","After Image","Predator","Terror+1","Phantasmal Killer","Bane","Tools of the Trade+1","Phantasmal Killer+1","Storm of Steel+1","Acrobatics","PiercingWail+1","Backstab","Acrobatics","Cloak And Dagger+1","Wraith Form v2+1","Well Laid Plans+1","Calculated Gamble+1","Outmaneuver+1","Endless Agony","Blade Dance+1","Eviscerate"],"special_seed":0,"relics":["Ring of the Snake","Du-Vu Doll","Happy Flower","Pandora\u0027s Box","Red Mask","ClockworkSouvenir","Centennial Puzzle","Nunchaku","Ginger","Toxic Egg 2","SlaversCollar","War Paint","Old Coin","Snake Skull","Mercury Hourglass"],"potions_floor_usage":[],"damage_taken":[{"damage":4.0,"enemies":"Small Slimes","floor":1.0,"turns":5.0},{"damage":0.0,"enemies":"Jaw Worm","floor":2.0,"turns":4.0},{"damage":0.0,"enemies":"Cultist","floor":3.0,"turns":3.0},{"damage":1.0,"enemies":"2 Fungi Beasts","floor":4.0,"turns":4.0},{"damage":9.0,"enemies":"Exordium Thugs","floor":5.0,"turns":6.0},{"damage":25.0,"enemies":"3 Sentries","floor":6.0,"turns":12.0},{"damage":0.0,"enemies":"Blue Slaver","floor":8.0,"turns":4.0},{"damage":20.0,"enemies":"Gremlin Nob","floor":12.0,"turns":5.0},{"damage":9.0,"enemies":"Lots of Slimes","floor":14.0,"turns":5.0},{"damage":10.0,"enemies":"The Guardian","floor":16.0,"turns":11.0},{"damage":0.0,"enemies":"Spheric Guardian","floor":18.0,"turns":5.0},{"damage":50.0,"enemies":"Masked Bandits","floor":19.0,"turns":6.0},{"damage":0.0,"enemies":"Shell Parasite","floor":20.0,"turns":6.0},{"damage":9.0,"enemies":"Centurion and Healer","floor":22.0,"turns":5.0},{"damage":13.0,"enemies":"Gremlin Leader","floor":25.0,"turns":4.0},{"damage":14.0,"enemies":"Slavers","floor":28.0,"turns":4.0},{"damage":7.0,"enemies":"Book of Stabbing","floor":30.0,"turns":5.0},{"damage":1.0,"enemies":"Snecko","floor":31.0,"turns":4.0},{"damage":4.0,"enemies":"Champ","floor":33.0,"turns":11.0},{"damage":11.0,"enemies":"3 Shapes","floor":35.0,"turns":7.0},{"damage":0.0,"enemies":"Orb Walker","floor":36.0,"turns":2.0},{"damage":25.0,"enemies":"Nemesis","floor":40.0,"turns":7.0},{"damage":17,"enemies":"Reptomancer","floor":42,"turns":5},{"damage":2,"enemies":"Sphere and 2 Shapes","floor":44,"turns":8},{"damage":10,"enemies":"Transient","floor":45,"turns":2}],"seed_played":"2107911914533745472","potions_obtained":[{"floor":6.0,"key":"SteroidPotion"},{"floor":12.0,"key":"EntropicBrew"},{"floor":14.0,"key":"PowerPotion"},{"floor":16.0,"key":"Strength Potion"},{"floor":18.0,"key":"EssenceOfSteel"},{"floor":25.0,"key":"Explosive Potion"},{"floor":28.0,"key":"SpeedPotion"},{"floor":33.0,"key":"Strength Potion"},{"floor":40.0,"key":"DuplicationPotion"}],"is_trial":false,"path_per_floor":["M","M","M","M","M","E","R","M","T","?","R","E","R","M","R","B",null,"M","?","M","?","M","R","$","E","T","R","E","R","E","M","R","B",null,"M","M","$","?","$","E","R","E","T","M","M"],"character_chosen":"THE_SILENT","items_purchased":["Backstab","ClockworkSouvenir","GamblersBrew","Outmaneuver+1","War Paint"],"campfire_rested":2,"item_purchase_floors":[24,24,24,37,37],"current_hp_per_floor":[55,55,55,54,45,20,20,20,20,20,39,19,19,10,29,19,54,54,4,4,76,67,67,67,54,54,54,40,40,33,32,32,28,64,53,53,53,53,53,28,28,11,11,9,0],"gold":478,"neow_bonus":"REMOVE_TWO","is_prod":false,"is_daily":false,"chose_seed":false,"campfire_upgraded":7,"win_rate":0,"timestamp":1702183572,"path_taken":["M","M","M","M","M","E","R","M","T","?","R","E","R","M","R","BOSS","M","?","M","?","?","R","$","E","T","R","E","R","E","M","R","BOSS","M","M","$","?","?","E","R","E","T","M","M"],"build_version":"2022-12-18","purchased_purges":0,"victory":false,"max_hp_per_floor":[66,66,66,66,66,66,66,66,66,66,66,66,66,66,66,66,66,66,66,66,76,76,76,76,76,76,76,76,76,76,76,76,76,76,76,76,76,76,76,76,76,76,76,76,76],"card_choices":[{"not_picked":["Dodge and Roll","Bane"],"picked":"Poisoned Stab","floor":1.0},{"not_picked":["Distraction","Endless Agony"],"picked":"Deadly Poison","floor":2.0},{"not_picked":["Sucker Punch","Poisoned Stab","Outmaneuver"],"picked":"SKIP","floor":3.0},{"not_picked":["Setup","Distraction"],"picked":"Backflip","floor":4.0},{"not_picked":["Sucker Punch","Noxious Fumes"],"picked":"Deflect","floor":5.0},{"not_picked":["Bane","Deflect"],"picked":"After Image","floor":6.0},{"not_picked":["Heel Hook","Dagger Throw"],"picked":"Acrobatics","floor":8.0},{"not_picked":["Blur","Backflip"],"picked":"Acrobatics","floor":12.0},{"not_picked":["Deflect","Dagger Spray"],"picked":"Underhanded Strike","floor":14.0},{"not_picked":["Doppelganger","Bullet Time"],"picked":"After Image","floor":16.0},{"not_picked":["Cloak And Dagger","Slice+1"],"picked":"Acrobatics","floor":18.0},{"not_picked":["Accuracy","Infinite Blades"],"picked":"PiercingWail","floor":20.0},{"not_picked":["Blade Dance","Tools of the Trade"],"picked":"Dagger Spray+1","floor":22.0},{"not_picked":["Poisoned Stab","Expertise","Footwork"],"picked":"SKIP","floor":25.0},{"not_picked":["Skewer","Heel Hook+1"],"picked":"Acrobatics","floor":28.0},{"not_picked":["Backflip+1","Caltrops"],"picked":"Cloak And Dagger+1","floor":30.0},{"not_picked":["Cloak And Dagger+1","Acrobatics+1"],"picked":"Wraith Form v2","floor":31.0},{"not_picked":["Expertise+1","Noxious Fumes"],"picked":"Well Laid Plans","floor":35.0},{"not_picked":["Backflip+1","Finisher"],"picked":"Calculated Gamble+1","floor":36.0},{"not_picked":["Prepared+1","Dodge and Roll+1"],"picked":"Blade Dance+1","floor":40.0},{"not_picked":["Unload","Crippling Poison+1","Sucker Punch"],"picked":"SKIP","floor":42},{"not_picked":["Sucker Punch","Poisoned Stab"],"picked":"Eviscerate","floor":44}],"player_experience":956426,"relics_obtained":[{"floor":6.0,"key":"Du-Vu Doll"},{"floor":12.0,"key":"Happy Flower"},{"floor":19.0,"key":"Red Mask"},{"floor":25.0,"key":"Centennial Puzzle"},{"floor":26.0,"key":"Nunchaku"},{"floor":28.0,"key":"Ginger"},{"floor":30.0,"key":"Toxic Egg 2"},{"floor":40.0,"key":"Old Coin"},{"floor":42,"key":"Snake Skull"},{"floor":43,"key":"Mercury Hourglass"}],"event_choices":[{"damage_healed":0.0,"max_hp_gain":0.0,"max_hp_loss":0.0,"gold_gain":0.0,"event_name":"Liars Game","player_choice":"Ignored","floor":10.0,"gold_loss":0.0,"damage_taken":0.0},{"damage_healed":0.0,"max_hp_gain":0.0,"max_hp_loss":0.0,"gold_gain":0.0,"event_name":"Masked Bandits","player_choice":"Fought Bandits","floor":19.0,"gold_loss":0.0,"damage_taken":0.0},{"cards_removed":["Unload"],"damage_healed":62.0,"max_hp_gain":10.0,"max_hp_loss":0.0,"gold_gain":0.0,"event_name":"Bonfire Elementals","player_choice":"Offered Rare","floor":21.0,"gold_loss":0.0,"damage_taken":0.0},{"damage_healed":0.0,"max_hp_gain":0.0,"max_hp_loss":0.0,"gold_gain":0.0,"cards_transformed":["Dagger Spray"],"event_name":"Transmorgrifier","player_choice":"Transformed","floor":38.0,"gold_loss":0.0,"damage_taken":0.0,"cards_obtained":["Endless Agony"]}],"is_beta":false,"boss_relics":[{"not_picked":["Cursed Key","Coffee Dripper"],"picked":"Pandora\u0027s Box"},{"not_picked":["Philosopher\u0027s Stone","Runic Pyramid"],"picked":"SlaversCollar"}],"items_purged_floors":[],"is_endless":false,"potions_floor_spawned":[6,12,14,16,18,25,28,33,40],"killed_by":"Transient","ascension_level":17}