{"gold_per_floor":[116,60,60,76,94,94,94,108,108,140,152,198,228,259,271,360,372,395,322,352,52,52,81,100,100,100,100,128,128,151,167,167,244,244,261,261,278,278,288,318,318,330,381,409,309,340,358,358],"floor_reached":48,"playtime":2339,"items_purged":["Defend_G","Defend_G"],"score":1226,"play_id":"61e041e0-39ee-4f37-a3fc-a324443552fe","local_time":"20231215012640","is_ascension_mode":true,"campfire_choices":[{"data":"Blade Dance","floor":6,"key":"SMITH"},{"data":"Well Laid Plans","floor":15,"key":"SMITH"},{"data":"Backstab","floor":25,"key":"SMITH"},{"data":"Accuracy","floor":29,"key":"SMITH"},{"data":"Terror","floor":32,"key":"SMITH"},{"data":"Wraith Form v2","floor":41,"key":"SMITH"}],"neow_cost":"NONE","seed_source_timestamp":139007936424899,"circlet_count":0,"master_deck":["AscendersBane","Defend_G","Defend_G","Defend_G","Survivor","Neutralize","Well Laid Plans+1","Blade Dance+1","Adrenaline","Terror+1","Finisher","Backstab+1","Blade Dance","Leg Sweep","Adrenaline+1","Tools of the Trade+1","Tactician+1","PiercingWail","Apotheosis+1","Accuracy+1","Wraith Form v2+1","Blade Dance","Accuracy+1","Footwork","Well Laid Plans","Backflip","Night Terror"],"relics":["Ring of the Snake","Eternal Feather","MawBank","Sundial","Astrolabe","Nunchaku","Dream Catcher","Blood Vial","Strawberry","SlaversCollar","Question Card","Pen Nib","Shovel","Regal Pillow"],"potions_floor_usage":[12,16,18,23,28,48,48],"damage_taken":[{"damage":3,"enemies":"Cultist","floor":1,"turns":4},{"damage":2,"enemies":"Jaw Worm","floor":4,"turns":4},{"damage":0,"enemies":"2 Louse","floor":5,"turns":2},{"damage":0,"enemies":"Looter","floor":8,"turns":2},{"damage":8,"enemies":"Gremlin Nob","floor":10,"turns":3},{"damage":0,"enemies":"Lagavulin","floor":12,"turns":3},{"damage":7,"enemies":"Exordium Thugs","floor":13,"turns":5},{"damage":1,"enemies":"2 Fungi Beasts","floor":14,"turns":2},{"damage":12,"enemies":"The Guardian","floor":16,"turns":10},{"damage":0,"enemies":"Shell Parasite","floor":18,"turns":1},{"damage":9,"enemies":"2 Thieves","floor":20,"turns":4},{"damage":19,"enemies":"Slavers","floor":23,"turns":3},{"damage":2,"enemies":"Snake Plant","floor":24,"turns":4},{"damage":0,"enemies":"Gremlin Leader","floor":28,"turns":7},{"damage":0,"enemies":"Chosen and Byrds","floor":31,"turns":5},{"damage":27,"enemies":"Champ","floor":33,"turns":8},{"damage":0,"enemies":"3 Shapes","floor":35,"turns":4},{"damage":2,"enemies":"Orb Walker","floor":37,"turns":3},{"damage":16,"enemies":"Jaw Worm Horde","floor":39,"turns":5},{"damage":37,"enemies":"Nemesis","floor":40,"turns":5},{"damage":1,"enemies":"Transient","floor":42,"turns":6},{"damage":6,"enemies":"Giant Head","floor":44,"turns":4},{"damage":0,"enemies":"Reptomancer","floor":46,"turns":3},{"damage":22,"enemies":"Spire Growth","floor":47,"turns":6},{"damage":9,"enemies":"Jaw Worm Horde","floor":48,"turns":2}],"seed_played":"2599042579356360409","potions_obtained":[{"floor":4,"key":"DuplicationPotion"},{"floor":8,"key":"Block Potion"},{"floor":10,"key":"DistilledChaos"},{"floor":12,"key":"Dexterity Potion"},{"floor":18,"key":"LiquidBronze"},{"floor":20,"key":"SkillPotion"},{"floor":24,"key":"EssenceOfSteel"},{"floor":35,"key":"PowerPotion"},{"floor":42,"key":"PowerPotion"}],"is_trial":false,"path_per_floor":["M","$","?","M","M","R","?","M","T","E","?","E","M","M","R","B",null,"M","?","M","$","?","E","M","R","T","?","E","R","T","M","R","B",null,"M","?","M","?","M","E","R","M","T","E","$","E","M","M"],"character_chosen":"THE_SILENT","items_purchased":["Blade Dance","PiercingWail","Apotheosis"],"campfire_rested":0,"item_purchase_floors":[2,21,21],"current_hp_per_floor":[62,62,62,60,60,60,60,60,60,52,52,52,45,44,53,41,64,64,64,55,55,55,36,34,46,46,46,46,58,65,67,79,52,72,74,74,73,62,48,13,28,29,29,25,25,27,7,0],"gold":358,"neow_bonus":"TEN_PERCENT_HP_BONUS","is_prod":false,"is_daily":false,"chose_seed":false,"campfire_upgraded":6,"win_rate":0,"timestamp":1702632400,"path_taken":["M","$","?","M","M","R","?","?","T","E","?","E","M","M","R","BOSS","M","?","M","?","?","E","?","R","T","?","E","R","?","?","R","BOSS","M","?","M","?","M","E","R","M","T","E","$","E","M","M"],"build_version":"2022-12-18","purchased_purges":2,"victory":false,"max_hp_per_floor":[72,72,72,72,72,72,72,72,72,72,72,72,72,72,72,72,72,72,72,72,72,72,72,72,72,72,72,72,72,79,79,79,79,79,79,75,75,75,75,75,75,75,75,75,75,75,75,75],"card_choices":[{"not_picked":["Bane","Outmaneuver"],"picked":"Well Laid Plans","floor":1},{"not_picked":["Blur","Deadly Poison"],"picked":"Terror","floor":4},{"not_picked":["Setup","Concentrate"],"picked":"Finisher","floor":5},{"not_picked":["Caltrops","Poisoned Stab"],"picked":"Backstab","floor":8},{"not_picked":["Envenom","Underhanded Strike","Dodge and Roll"],"picked":"SKIP","floor":10},{"not_picked":["Endless Agony","Crippling Poison","Backstab"],"picked":"SKIP","floor":12},{"not_picked":["PiercingWail","Reflex"],"picked":"Blade Dance","floor":13},{"not_picked":["Predator","Deflect"],"picked":"Leg Sweep","floor":14},{"not_picked":["Dodge and Roll","All Out Attack","Heel Hook"],"picked":"SKIP","floor":18},{"not_picked":["Deadly Poison","Flying Knee","Underhanded Strike"],"picked":"SKIP","floor":20},{"not_picked":["Riddle With Holes","Unload","Dodge and Roll"],"picked":"SKIP","floor":23},{"not_picked":["Dagger Spray","Endless Agony","Bane+1"],"picked":"SKIP","floor":24},{"not_picked":["Flying Knee","Distraction"],"picked":"Accuracy","floor":28},{"not_picked":["Deflect","Flying Knee","Slice"],"picked":"SKIP","floor":31},{"not_picked":["Unload","A Thousand Cuts"],"picked":"Wraith Form v2","floor":33},{"not_picked":["Caltrops","Sucker Punch","Dagger Spray"],"picked":"SKIP","floor":35},{"not_picked":["PiercingWail","Infinite Blades+1"],"picked":"Blade Dance","floor":37},{"not_picked":["Bane+1","Accuracy+1","Sucker Punch"],"picked":"SKIP","floor":39},{"not_picked":["Bane+1","Sucker Punch"],"picked":"Accuracy+1","floor":39},{"not_picked":["Sucker Punch","All Out Attack+1"],"picked":"Footwork","floor":40},{"not_picked":["PiercingWail","Leg Sweep+1","Dodge and Roll+1"],"picked":"Well Laid Plans","floor":42},{"not_picked":["Underhanded Strike","Distraction","Crippling Poison"],"picked":"Backflip","floor":44},{"not_picked":["Adrenaline","Poisoned Stab+1","Bane"],"picked":"Night Terror","floor":46},{"not_picked":["Backflip","Terror","Leg Sweep+1","Caltrops+1"],"picked":"SKIP","floor":47}],"player_experience":994894,"relics_obtained":[{"floor":9,"key":"Eternal Feather"},{"floor":10,"key":"MawBank"},{"floor":12,"key":"Sundial"},{"floor":23,"key":"Dream Catcher"},{"floor":28,"key":"Blood Vial"},{"floor":30,"key":"Strawberry"},{"floor":40,"key":"Question Card"},{"floor":43,"key":"Pen Nib"},{"floor":44,"key":"Shovel"},{"floor":46,"key":"Regal Pillow"}],"event_choices":[{"damage_healed":0,"gold_gain":0,"cards_transformed":["Strike_G"],"player_choice":"Change","damage_taken":0,"max_hp_gain":0,"max_hp_loss":0,"event_name":"Living Wall","floor":3,"gold_loss":0,"cards_obtained":["Adrenaline"]},{"cards_removed":["Strike_G"],"damage_healed":0,"gold_gain":0,"player_choice":"Purged","damage_taken":0,"max_hp_gain":0,"max_hp_loss":0,"event_name":"Purifier","floor":7,"gold_loss":0},{"damage_healed":0,"gold_gain":0,"player_choice":"Ignored","damage_taken":0,"max_hp_gain":0,"max_hp_loss":0,"event_name":"Liars Game","floor":11,"gold_loss":0},{"damage_healed":0,"gold_gain":0,"player_choice":"Obtained Relic","damage_taken":0,"relics_obtained":["Nunchaku"],"max_hp_gain":0,"max_hp_loss":0,"event_name":"Addict","floor":19,"gold_loss":85},{"damage_healed":0,"gold_gain":0,"player_choice":"Forge","damage_taken":0,"max_hp_gain":0,"max_hp_loss":0,"event_name":"Accursed Blacksmith","floor":22,"gold_loss":0,"cards_upgraded":["Apotheosis"]},{"damage_healed":0,"gold_gain":0,"player_choice":"Ignored","damage_taken":0,"max_hp_gain":0,"max_hp_loss":0,"event_name":"Vampires","floor":27,"gold_loss":0},{"damage_healed":0,"gold_gain":0,"player_choice":"Max HP","damage_taken":0,"max_hp_gain":0,"max_hp_loss":4,"event_name":"Winding Halls","floor":36,"gold_loss":0},{"damage_healed":0,"gold_gain":0,"player_choice":"Damaged","damage_taken":11,"max_hp_gain":0,"max_hp_loss":0,"event_name":"Wheel of Change","floor":38,"gold_loss":0}],"is_beta":false,"boss_relics":[{"not_picked":["Snecko Eye","Tiny House"],"picked":"Astrolabe"},{"not_picked":["Pandora\u0027s Box","Sozu"],"picked":"SlaversCollar"}],"items_purged_floors":[21,45],"is_endless":false,"potions_floor_spawned":[4,8,10,12,13,18,20,24,35,40,42,44],"killed_by":"Jaw Worm Horde","ascension_level":18}