{"gold_per_floor":[110,123,48,58,77,77,106,106,106,123,23,53,119,119,119,198,198,212,226,226,235,40,40,40,40,92,113,156,6,25,42,42,128,128,143,143,158,182,7,48,0,38,38,67,67,99,99,126,126,126,126,126,69,103,103],"floor_reached":55,"playtime":2109,"items_purged":["Defend_G","Strike_G","Well Laid Plans","Strike_G","Strike_G"],"score":1640,"play_id":"eb31b4a3-98ae-4a6d-b3f6-5c9f32d3d6fe","local_time":"20231215024038","is_ascension_mode":true,"campfire_choices":[{"data":"Phantasmal Killer","floor":6,"key":"SMITH"},{"data":"All Out Attack","floor":8,"key":"SMITH"},{"floor":15,"key":"REST"},{"data":"Venomology","floor":23,"key":"SMITH"},{"floor":32,"key":"REST"},{"data":"Concentrate","floor":45,"key":"SMITH"},{"floor":47,"key":"RECALL"},{"data":"Phantasmal Killer","floor":49,"key":"SMITH"},{"floor":52,"key":"REST"}],"neow_cost":"PERCENT_DAMAGE","seed_source_timestamp":143674994997300,"circlet_count":0,"master_deck":["AscendersBane","Strike_G","Strike_G","Defend_G","Defend_G","Defend_G+1","Survivor","Neutralize","Phantasmal Killer+1","All Out Attack+1","PiercingWail+1","Blade Dance","Acrobatics","Underhanded Strike+1","Venomology+1","Flying Knee+1","RitualDagger+1","Finisher+1","Prepared","Adrenaline","Finisher+1","Phantasmal Killer+1","Tactician","Concentrate+1","Eviscerate+1","PiercingWail"],"relics":["Ring of the Snake","HornCleat","Molten Egg 2","Ancient Tea Set","Runic Pyramid","CeramicFish","Centennial Puzzle","Frozen Egg 2","SacredBark","Bag of Marbles","Red Mask","Gremlin Horn","Happy Flower","War Paint","Pear","Shuriken"],"potions_floor_usage":[7,12,19,27,28,30,33,33,33,37,38,40,40,44,44,48,50,55,55],"damage_taken":[{"damage":3,"enemies":"Cultist","floor":1,"turns":4},{"damage":0,"enemies":"Small Slimes","floor":2,"turns":3},{"damage":0,"enemies":"2 Louse","floor":4,"turns":2},{"damage":6,"enemies":"Red Slaver","floor":5,"turns":4},{"damage":0,"enemies":"Lagavulin","floor":7,"turns":3},{"damage":0,"enemies":"Large Slime","floor":10,"turns":3},{"damage":28,"enemies":"Gremlin Nob","floor":12,"turns":4},{"damage":13,"enemies":"Hexaghost","floor":16,"turns":9},{"damage":7,"enemies":"Shell Parasite","floor":18,"turns":5},{"damage":0,"enemies":"Chosen","floor":19,"turns":2},{"damage":0,"enemies":"Sentry and Sphere","floor":27,"turns":3},{"damage":20,"enemies":"Slavers","floor":28,"turns":4},{"damage":1,"enemies":"Centurion and Healer","floor":30,"turns":3},{"damage":0,"enemies":"Snake Plant","floor":31,"turns":4},{"damage":12,"enemies":"Champ","floor":33,"turns":6},{"damage":2,"enemies":"Orb Walker","floor":35,"turns":3},{"damage":0,"enemies":"3 Shapes","floor":37,"turns":3},{"damage":1,"enemies":"3 Darklings","floor":38,"turns":3},{"damage":0,"enemies":"Giant Head","floor":40,"turns":6},{"damage":6,"enemies":"Reptomancer","floor":42,"turns":2},{"damage":0,"enemies":"Writhing Mass","floor":44,"turns":3},{"damage":14,"enemies":"Nemesis","floor":46,"turns":3},{"damage":0,"enemies":"Reptomancer","floor":48,"turns":2},{"damage":86,"enemies":"Donu and Deca","floor":50,"turns":7},{"damage":62,"enemies":"Shield and Spear","floor":54,"turns":6},{"damage":14,"enemies":"The Heart","floor":55,"turns":2}],"seed_played":"1455790504099049572","potions_obtained":[{"floor":1,"key":"LiquidMemories"},{"floor":4,"key":"SteroidPotion"},{"floor":16,"key":"Ancient Potion"},{"floor":18,"key":"Energy Potion"},{"floor":27,"key":"SpeedPotion"},{"floor":33,"key":"PowerPotion"},{"floor":35,"key":"SkillPotion"},{"floor":38,"key":"CultistPotion"},{"floor":44,"key":"Fire Potion"}],"is_trial":false,"path_per_floor":["M","M","$","M","M","R","E","R","T","M","$","E","?","?","R","B",null,"M","M","T","?","$","R","$","?","T","M","E","$","M","M","R","B",null,"M","?","M","M","$","E","?","E","T","M","R","E","R","E","R","B",null,"R","$","E","B"],"character_chosen":"THE_SILENT","items_purchased":["Finisher+1","Dexterity Potion"],"campfire_rested":3,"item_purchase_floors":[22,53],"current_hp_per_floor":[41,41,41,41,35,35,35,35,35,35,35,7,7,7,26,13,53,46,46,46,40,40,40,40,40,40,40,20,20,19,19,38,26,56,54,54,54,53,53,53,53,47,47,57,57,43,43,53,53,27,64,76,76,14,0],"gold":103,"neow_bonus":"THREE_RARE_CARDS","is_prod":false,"is_daily":false,"chose_seed":false,"campfire_upgraded":5,"win_rate":0,"timestamp":1702636838,"path_taken":["M","M","?","?","M","R","E","R","T","M","$","E","?","?","R","BOSS","M","M","?","?","$","R","?","?","T","M","E","$","M","M","R","BOSS","M","?","M","M","$","E","?","E","T","M","R","E","R","E","R","BOSS","R","$","E","BOSS"],"build_version":"2022-12-18","purchased_purges":5,"victory":false,"max_hp_per_floor":[66,66,66,66,66,66,66,66,66,66,66,66,66,66,66,66,66,66,66,66,66,66,66,66,66,66,66,66,66,66,66,66,66,66,66,66,66,66,66,66,66,66,66,66,66,66,66,76,76,76,76,76,76,76,76],"card_choices":[{"not_picked":["Tools of the Trade","Envenom"],"picked":"Phantasmal Killer","floor":0},{"not_picked":["Concentrate","Bane"],"picked":"All Out Attack","floor":1},{"not_picked":["Escape Plan","Deadly Poison"],"picked":"Well Laid Plans","floor":2},{"not_picked":["Endless Agony","Underhanded Strike"],"picked":"PiercingWail","floor":4},{"not_picked":["Deflect","Deadly Poison"],"picked":"Blade Dance","floor":5},{"not_picked":["Sucker Punch","Poisoned Stab"],"picked":"Acrobatics","floor":7},{"not_picked":["Outmaneuver","Deflect","Flying Knee"],"picked":"SKIP","floor":10},{"not_picked":["Slice+1","Predator+1"],"picked":"Underhanded Strike+1","floor":12},{"not_picked":["Malaise","A Thousand Cuts"],"picked":"Venomology","floor":16},{"not_picked":["Quick Slash+1","Deflect"],"picked":"Flying Knee+1","floor":18},{"not_picked":["Deadly Poison","Dagger Spray+1","Flying Knee+1"],"picked":"SKIP","floor":19},{"not_picked":["Reflex","Outmaneuver"],"picked":"Prepared","floor":27},{"not_picked":["Deflect+1","Backflip"],"picked":"Adrenaline","floor":28},{"not_picked":["Dodge and Roll","Quick Slash+1"],"picked":"Finisher+1","floor":30},{"not_picked":["Leg Sweep","Backstab+1","Cloak And Dagger"],"picked":"SKIP","floor":31},{"not_picked":["Unload+1","Grand Finale+1"],"picked":"Phantasmal Killer","floor":33},{"not_picked":["PiercingWail","Deflect","Blur"],"picked":"SKIP","floor":35},{"not_picked":["Skewer+1","Backflip","Blade Dance"],"picked":"SKIP","floor":37},{"not_picked":["All Out Attack+1","Caltrops+1"],"picked":"Tactician","floor":38},{"not_picked":["Noxious Fumes+1","Catalyst"],"picked":"Concentrate","floor":40},{"not_picked":["Bouncing Flask","Blade Dance"],"picked":"Eviscerate+1","floor":42},{"not_picked":["Flechettes+1","All Out Attack+1"],"picked":"PiercingWail","floor":44},{"not_picked":["Caltrops+1","Infinite Blades+1","Leg Sweep"],"picked":"SKIP","floor":46},{"not_picked":["Choke+1","Glass Knife+1","Flying Knee+1"],"picked":"SKIP","floor":48},{"not_picked":["Slice+1","Bane+1","Dagger Throw+1"],"picked":"SKIP","floor":54}],"player_experience":999023,"relics_obtained":[{"floor":7,"key":"HornCleat"},{"floor":12,"key":"Molten Egg 2"},{"floor":14,"key":"Ancient Tea Set"},{"floor":20,"key":"CeramicFish"},{"floor":26,"key":"Centennial Puzzle"},{"floor":28,"key":"Frozen Egg 2"},{"floor":40,"key":"Bag of Marbles"},{"floor":42,"key":"Gremlin Horn"},{"floor":43,"key":"Happy Flower"},{"floor":46,"key":"War Paint"},{"floor":48,"key":"Pear"},{"floor":54,"key":"Shuriken"}],"event_choices":[{"damage_healed":0,"gold_gain":66,"player_choice":"Gained Gold","damage_taken":0,"max_hp_gain":0,"max_hp_loss":0,"event_name":"Golden Wing","floor":13,"gold_loss":0},{"damage_healed":0,"gold_gain":0,"player_choice":"Relic","damage_taken":0,"max_hp_gain":0,"max_hp_loss":0,"event_name":"Wheel of Change","floor":14,"gold_loss":0},{"damage_healed":0,"gold_gain":0,"player_choice":"Joined the Cult","damage_taken":6,"max_hp_gain":0,"max_hp_loss":0,"event_name":"Nest","floor":21,"gold_loss":0,"cards_obtained":["RitualDagger"]},{"damage_healed":0,"gold_gain":0,"player_choice":"Ignored","damage_taken":0,"max_hp_gain":0,"max_hp_loss":0,"event_name":"Cursed Tome","floor":25,"gold_loss":0},{"cards_removed":["Defend_G"],"damage_healed":0,"gold_gain":0,"player_choice":"Removed Skill","damage_taken":0,"max_hp_gain":0,"max_hp_loss":0,"event_name":"Falling","floor":36,"gold_loss":0},{"damage_healed":0,"gold_gain":0,"player_choice":"Paid","damage_taken":0,"relics_obtained":["Red Mask"],"max_hp_gain":0,"max_hp_loss":0,"event_name":"Tomb of Lord Red Mask","floor":41,"gold_loss":48}],"is_beta":false,"boss_relics":[{"not_picked":["Snecko Eye","Fusion Hammer"],"picked":"Runic Pyramid"},{"not_picked":["Black Star","Tiny House"],"picked":"SacredBark"}],"items_purged_floors":[3,11,22,29,39],"is_endless":false,"potions_floor_spawned":[1,4,16,18,27,31,33,35,37,38,44,46],"killed_by":"The Heart","ascension_level":18}