{"gold_per_floor":[216,37,48,68,68,95,111,130,130,130,158,173,173,173,173,244,244,257,267,277,19,39,39,72,72,72,88,116,116,130,160,160,232,232,251,251,251,270,283,283,311,327,351,351,351,385,202,221,221,221,221,221,16,43,43],"floor_reached":55,"playtime":3536,"items_purged":["Defend_G","Strike_G","Strike_G+1","Dagger Throw"],"score":1496,"play_id":"f592def0-4d6c-4e0d-b9d1-6785d51558ce","local_time":"20231215233221","is_ascension_mode":true,"campfire_choices":[{"data":"All Out Attack","floor":10,"key":"SMITH"},{"floor":13,"key":"REST"},{"data":"Well Laid Plans","floor":15,"key":"SMITH"},{"data":"Phantasmal Killer","floor":23,"key":"SMITH"},{"data":"Leg Sweep","floor":29,"key":"SMITH"},{"data":"Adrenaline","floor":32,"key":"SMITH"},{"data":"Flechettes","floor":40,"key":"SMITH"},{"data":"Night Terror","floor":44,"key":"SMITH"},{"floor":49,"key":"RECALL"},{"data":"1","floor":52,"key":"LIFT"}],"neow_cost":"NONE","seed_source_timestamp":217356646880700,"circlet_count":0,"master_deck":["AscendersBane","Defend_G","Defend_G","Defend_G","Survivor","Neutralize","Dagger Throw","Acrobatics","Underhanded Strike+1","Backstab","All Out Attack+1","Leg Sweep+1","Well Laid Plans+1","Phantasmal Killer+1","Footwork+1","Masterful Stab+1","Backflip+1","PiercingWail","Adrenaline","PiercingWail","Adrenaline+1","Acrobatics","Cloak And Dagger+1","Tools of the Trade","Blade Dance+1","Flechettes+1","Night Terror+1","Accuracy+1","Acrobatics","Acrobatics"],"relics":["Ring of the Snake","Blood Vial","Paper Crane","Torii","Astrolabe","StrikeDummy","White Beast Statue","Strawberry","Bottled Tornado","Coffee Dripper","HornCleat","Girya","Vajra"],"potions_floor_usage":[6,11,19,24,55,55],"damage_taken":[{"damage":2,"enemies":"Jaw Worm","floor":1,"turns":6},{"damage":0,"enemies":"Cultist","floor":3,"turns":4},{"damage":5,"enemies":"Small Slimes","floor":4,"turns":3},{"damage":20,"enemies":"Lagavulin","floor":6,"turns":6},{"damage":1,"enemies":"2 Fungi Beasts","floor":7,"turns":3},{"damage":0,"enemies":"3 Louse","floor":8,"turns":2},{"damage":11,"enemies":"Gremlin Nob","floor":11,"turns":3},{"damage":0,"enemies":"Exordium Wildlife","floor":12,"turns":1},{"damage":11,"enemies":"Hexaghost","floor":16,"turns":11},{"damage":7,"enemies":"Chosen","floor":18,"turns":4},{"damage":22,"enemies":"2 Thieves","floor":19,"turns":4},{"damage":7,"enemies":"3 Cultists","floor":20,"turns":4},{"damage":3,"enemies":"Chosen and Byrds","floor":22,"turns":6},{"damage":7,"enemies":"Slavers","floor":24,"turns":5},{"damage":6,"enemies":"Snecko","floor":27,"turns":6},{"damage":0,"enemies":"Book of Stabbing","floor":28,"turns":5},{"damage":10,"enemies":"Sentry and Sphere","floor":30,"turns":4},{"damage":10,"enemies":"Slavers","floor":31,"turns":10},{"damage":7,"enemies":"Automaton","floor":33,"turns":10},{"damage":0,"enemies":"3 Shapes","floor":35,"turns":4},{"damage":0,"enemies":"Orb Walker","floor":38,"turns":3},{"damage":0,"enemies":"Spire Growth","floor":39,"turns":4},{"damage":7,"enemies":"Nemesis","floor":41,"turns":5},{"damage":4,"enemies":"4 Shapes","floor":42,"turns":6},{"damage":23,"enemies":"Giant Head","floor":46,"turns":6},{"damage":0,"enemies":"Sphere and 2 Shapes","floor":48,"turns":4},{"damage":27,"enemies":"Awakened One","floor":50,"turns":10},{"damage":79,"enemies":"Shield and Spear","floor":54,"turns":11},{"damage":19,"enemies":"The Heart","floor":55,"turns":14}],"seed_played":"-1144887882139322423","potions_obtained":[{"floor":4,"key":"FairyPotion"},{"floor":6,"key":"Ancient Potion"},{"floor":8,"key":"Energy Potion"},{"floor":11,"key":"Swift Potion"},{"floor":19,"key":"DuplicationPotion"},{"floor":24,"key":"GhostInAJar"},{"floor":54,"key":"Regen Potion"}],"is_trial":false,"path_per_floor":["M","$","M","M","?","E","M","M","T","R","E","M","R","?","R","B",null,"M","M","M","$","M","R","E","?","T","M","E","R","M","E","R","B",null,"M","?","?","M","M","R","E","M","T","R","?","E","$","M","R","B",null,"R","$","E","B"],"character_chosen":"THE_SILENT","items_purchased":["Fire Potion","Acrobatics","Adrenaline","Acrobatics","Acrobatics"],"campfire_rested":1,"item_purchase_floors":[2,2,21,47,53],"current_hp_per_floor":[57,57,57,52,32,12,13,15,15,15,6,8,27,66,66,55,63,58,38,33,33,32,32,27,27,27,23,32,32,24,16,16,11,58,60,60,60,62,64,64,59,57,57,57,57,36,36,38,38,13,55,55,55,2,0],"gold":43,"neow_bonus":"HUNDRED_GOLD","is_prod":false,"is_daily":false,"chose_seed":false,"campfire_upgraded":7,"win_rate":0,"timestamp":1702711941,"path_taken":["M","$","M","M","?","E","M","M","T","R","E","M","R","?","R","BOSS","M","?","M","$","M","R","E","?","T","M","E","R","M","E","R","BOSS","M","?","?","M","M","R","E","M","T","R","?","E","$","M","R","BOSS","R","$","E","BOSS"],"build_version":"2022-12-18","purchased_purges":4,"victory":false,"max_hp_per_floor":[66,66,66,66,66,66,66,66,66,66,66,66,66,66,66,66,66,66,66,66,66,66,66,66,66,66,66,73,73,73,73,73,73,73,73,73,73,73,73,73,73,73,73,73,69,69,69,69,69,69,69,69,69,69,69],"card_choices":[{"not_picked":["Quick Slash","Deflect"],"picked":"Dagger Throw","floor":1},{"not_picked":["Deadly Poison","Quick Slash"],"picked":"Underhanded Strike","floor":3},{"not_picked":["Poisoned Stab","Deflect"],"picked":"Backstab","floor":4},{"not_picked":["Slice","Predator"],"picked":"All Out Attack","floor":6},{"not_picked":["Poisoned Stab","Acrobatics"],"picked":"Dagger Throw","floor":7},{"not_picked":["Concentrate","Slice"],"picked":"Leg Sweep","floor":8},{"not_picked":["Dagger Spray","Sucker Punch"],"picked":"Tactician","floor":11},{"not_picked":["Footwork","Endless Agony"],"picked":"Well Laid Plans","floor":12},{"not_picked":["Envenom","Wraith Form v2"],"picked":"Phantasmal Killer","floor":16},{"not_picked":["Outmaneuver","Dagger Spray","Sucker Punch"],"picked":"SKIP","floor":18},{"not_picked":["Slice","Bouncing Flask"],"picked":"PiercingWail","floor":19},{"not_picked":["Bouncing Flask","Expertise","All Out Attack+1"],"picked":"SKIP","floor":20},{"not_picked":["Storm of Steel","Flechettes+1"],"picked":"PiercingWail","floor":22},{"not_picked":["Underhanded Strike+1","Bane"],"picked":"Adrenaline","floor":24},{"not_picked":["PiercingWail","Flying Knee"],"picked":"Acrobatics","floor":27},{"not_picked":["Blur","Outmaneuver","Prepared"],"picked":"SKIP","floor":28},{"not_picked":["Setup+1","Quick Slash"],"picked":"Cloak And Dagger+1","floor":30},{"not_picked":["Flying Knee","Riddle With Holes","Envenom"],"picked":"SKIP","floor":31},{"not_picked":["Night Terror","Bullet Time"],"picked":"Tools of the Trade","floor":33},{"not_picked":["PiercingWail","Quick Slash"],"picked":"Blade Dance+1","floor":35},{"not_picked":["Well Laid Plans","Choke+1","Infinite Blades"],"picked":"SKIP","floor":38},{"not_picked":["Well Laid Plans","Choke+1","Infinite Blades"],"picked":"SKIP","floor":38},{"not_picked":["Cloak And Dagger","Masterful Stab"],"picked":"Flechettes","floor":39},{"not_picked":["Noxious Fumes","Dagger Spray+1"],"picked":"Night Terror","floor":41},{"not_picked":["Quick Slash+1","Predator","Slice"],"picked":"SKIP","floor":42},{"not_picked":["Poisoned Stab","Blade Dance+1"],"picked":"Accuracy+1","floor":46},{"not_picked":["Dodge and Roll","Bane","Crippling Poison"],"picked":"SKIP","floor":48},{"not_picked":["Underhanded Strike","Prepared","Backstab+1"],"picked":"SKIP","floor":54}],"player_experience":1002079,"relics_obtained":[{"floor":6,"key":"Blood Vial"},{"floor":9,"key":"Paper Crane"},{"floor":11,"key":"Torii"},{"floor":24,"key":"StrikeDummy"},{"floor":26,"key":"White Beast Statue"},{"floor":28,"key":"Strawberry"},{"floor":31,"key":"Bottled Tornado"},{"floor":41,"key":"HornCleat"},{"floor":46,"key":"Girya"},{"floor":54,"key":"Vajra"}],"event_choices":[{"damage_healed":0,"gold_gain":0,"player_choice":"Entered Light","damage_taken":20,"max_hp_gain":0,"max_hp_loss":0,"event_name":"Shining Light","floor":5,"gold_loss":0,"cards_upgraded":["Underhanded Strike","Strike_G"]},{"cards_removed":["Tactician"],"damage_healed":39,"gold_gain":0,"player_choice":"Offered Uncommon","damage_taken":0,"max_hp_gain":0,"max_hp_loss":0,"event_name":"Bonfire Elementals","floor":14,"gold_loss":0},{"damage_healed":0,"gold_gain":0,"player_choice":"Ignored","damage_taken":0,"max_hp_gain":0,"max_hp_loss":0,"event_name":"The Mausoleum","floor":25,"gold_loss":0},{"damage_healed":0,"gold_gain":0,"player_choice":"Ignored","damage_taken":0,"max_hp_gain":0,"max_hp_loss":0,"event_name":"Tomb of Lord Red Mask","floor":36,"gold_loss":0},{"cards_removed":["Defend_G"],"damage_healed":0,"gold_gain":0,"player_choice":"Removed Skill","damage_taken":0,"max_hp_gain":0,"max_hp_loss":0,"event_name":"Falling","floor":37,"gold_loss":0},{"damage_healed":0,"gold_gain":0,"player_choice":"Max HP","damage_taken":0,"max_hp_gain":0,"max_hp_loss":4,"event_name":"Winding Halls","floor":45,"gold_loss":0}],"is_beta":false,"boss_relics":[{"not_picked":["Busted Crown","Empty Cage"],"picked":"Astrolabe"},{"not_picked":["Calling Bell","Runic Pyramid"],"picked":"Coffee Dripper"}],"items_purged_floors":[2,21,47,53],"is_endless":false,"potions_floor_spawned":[4,6,8,11,19,24,27,28,30,31,33,35,38,39,41,42,46,48,54],"killed_by":"The Heart","ascension_level":18}