{"gold_per_floor":[114,28,43,43,43,43,82,82,106,106,122,122,158,173,173,266,266,291,291,291,310,325,325],"floor_reached":23,"playtime":1091,"items_purged":[],"score":378,"play_id":"e543cbde-af07-47c3-a084-5c433075e7eb","local_time":"20231215020519","is_ascension_mode":true,"campfire_choices":[{"floor":6,"key":"REST"},{"data":"Dagger Spray","floor":10,"key":"SMITH"},{"floor":12,"key":"REST"},{"data":"Calculated Gamble","floor":15,"key":"SMITH"}],"neow_cost":"NONE","seed_source_timestamp":142573897528100,"circlet_count":0,"master_deck":["AscendersBane","Strike_G","Strike_G","Strike_G","Defend_G","Defend_G","Defend_G","Defend_G","Defend_G","Survivor","Neutralize","Calculated Gamble+1","Sucker Punch","Dagger Spray+1","Bouncing Flask","Prepared","Finisher","Glass Knife","Escape Plan+1","Ghostly","Ghostly","Ghostly","Backstab"],"relics":["Ring of the Snake","PreservedInsect","Golden Idol","Bottled Flame","Smiling Mask","Strawberry","SlaversCollar"],"potions_floor_usage":[7,14,16,21,23,23],"damage_taken":[{"damage":35,"enemies":"Jaw Worm","floor":1,"turns":12},{"damage":4,"enemies":"Small Slimes","floor":3,"turns":4},{"damage":14,"enemies":"3 Sentries","floor":7,"turns":8},{"damage":0,"enemies":"Cultist","floor":11,"turns":3},{"damage":7,"enemies":"Lagavulin","floor":13,"turns":6},{"damage":0,"enemies":"Exordium Thugs","floor":14,"turns":2},{"damage":28,"enemies":"The Guardian","floor":16,"turns":14},{"damage":16,"enemies":"3 Byrds","floor":18,"turns":7},{"damage":1,"enemies":"Chosen","floor":21,"turns":4},{"damage":8,"enemies":"Shelled Parasite and Fungi","floor":22,"turns":10},{"damage":29,"enemies":"Book of Stabbing","floor":23,"turns":6}],"seed_played":"4917771360290110482","potions_obtained":[{"floor":1,"key":"SpeedPotion"},{"floor":7,"key":"LiquidMemories"},{"floor":13,"key":"Strength Potion"},{"floor":16,"key":"EssenceOfSteel"},{"floor":18,"key":"Ancient Potion"},{"floor":20,"key":"ColorlessPotion"},{"floor":20,"key":"Block Potion"},{"floor":22,"key":"DistilledChaos"}],"is_trial":false,"path_per_floor":["M","$","M","?","?","R","E","?","T","R","M","R","E","M","R","B",null,"M","?","?","M","M","E"],"character_chosen":"THE_SILENT","items_purchased":["CunningPotion"],"campfire_rested":2,"item_purchase_floors":[2],"current_hp_per_floor":[24,24,20,20,13,31,17,17,17,17,17,35,35,35,35,7,52,36,33,33,32,24,0],"gold":325,"neow_bonus":"RANDOM_COMMON_RELIC","is_prod":false,"is_daily":false,"chose_seed":false,"campfire_upgraded":2,"win_rate":0,"timestamp":1702634719,"path_taken":["M","$","M","?","?","R","E","?","T","R","?","R","E","M","R","BOSS","M","?","?","M","?","E"],"build_version":"2022-12-18","purchased_purges":0,"victory":false,"max_hp_per_floor":[66,66,66,60,60,60,60,60,60,60,60,60,67,67,67,67,67,67,33,33,33,33,33],"card_choices":[{"not_picked":["Choke","Escape Plan"],"picked":"Calculated Gamble","floor":1},{"not_picked":["Bane","Backflip"],"picked":"Sucker Punch","floor":3},{"not_picked":["Blur","Slice"],"picked":"Dagger Spray","floor":7},{"not_picked":["Choke","Dodge and Roll"],"picked":"Prepared","floor":11},{"not_picked":["Concentrate","Sucker Punch"],"picked":"Finisher","floor":13},{"not_picked":["Dodge and Roll","Night Terror","Slice"],"picked":"SKIP","floor":14},{"not_picked":["Grand Finale","Die Die Die"],"picked":"Glass Knife","floor":16},{"not_picked":["Endless Agony","Setup"],"picked":"Escape Plan+1","floor":18},{"not_picked":["Leg Sweep+1","Deflect"],"picked":"Backstab","floor":21},{"not_picked":["Dash","Dagger Spray","Setup"],"picked":"SKIP","floor":22}],"player_experience":997932,"relics_obtained":[{"floor":7,"key":"Bottled Flame"},{"floor":9,"key":"Smiling Mask"},{"floor":13,"key":"Strawberry"}],"event_choices":[{"damage_healed":0,"gold_gain":0,"player_choice":"Lose Max HP","damage_taken":0,"relics_obtained":["Golden Idol"],"max_hp_gain":0,"max_hp_loss":6,"event_name":"Golden Idol","floor":4,"gold_loss":0},{"cards_removed":["Strike_G"],"damage_healed":0,"gold_gain":0,"player_choice":"Card Removal","damage_taken":7,"max_hp_gain":0,"max_hp_loss":0,"event_name":"Golden Wing","floor":5,"gold_loss":0},{"damage_healed":0,"gold_gain":0,"cards_transformed":["Strike_G"],"player_choice":"Transformed","damage_taken":0,"max_hp_gain":0,"max_hp_loss":0,"event_name":"Transmorgrifier","floor":8,"gold_loss":0,"cards_obtained":["Bouncing Flask"]},{"damage_healed":0,"gold_gain":0,"player_choice":"Became a Ghost","damage_taken":0,"max_hp_gain":0,"max_hp_loss":34,"event_name":"Ghosts","floor":19,"gold_loss":0,"cards_obtained":["Ghostly","Ghostly","Ghostly"]},{"damage_healed":0,"gold_gain":0,"player_choice":"Got Potions","damage_taken":0,"max_hp_gain":0,"max_hp_loss":0,"event_name":"Lab","floor":20,"gold_loss":0}],"is_beta":false,"boss_relics":[{"not_picked":["Ring of the Serpent","Tiny House"],"picked":"SlaversCollar"}],"items_purged_floors":[],"is_endless":false,"potions_floor_spawned":[1,7,13,16,18,22],"killed_by":"Book of Stabbing","ascension_level":18}