{"gold_per_floor":[360,39,39,39,59,59,75,110,110,110,125,125,42,56,56,132,132,152,169,200,200,25,25],"floor_reached":23,"playtime":940,"items_purged":["Writhe","Strike_G"],"score":359,"play_id":"bab9fea8-3c55-4079-9662-17997d0425cf","local_time":"20231215025640","is_ascension_mode":true,"campfire_choices":[{"data":"Terror","floor":6,"key":"SMITH"},{"data":"Poisoned Stab","floor":12,"key":"SMITH"},{"data":"Blade Dance","floor":15,"key":"SMITH"}],"neow_cost":"CURSE","seed_source_timestamp":145807406128300,"circlet_count":0,"master_deck":["AscendersBane","Strike_G","Strike_G","Strike_G","Defend_G","Defend_G","Defend_G","Defend_G","Defend_G","Survivor","Neutralize","Dagger Throw","Terror+1","Poisoned Stab+1","Backstab","PiercingWail","Footwork+1","Acrobatics","Noxious Fumes+1","Blade Dance+1","After Image+1","PiercingWail+1","Footwork+1"],"relics":["Ring of the Snake","Happy Flower","Frozen Egg 2","MealTicket","Runic Pyramid","Red Mask"],"potions_floor_usage":[8,18,19,20],"damage_taken":[{"damage":2,"enemies":"Jaw Worm","floor":1,"turns":10},{"damage":0,"enemies":"2 Louse","floor":5,"turns":4},{"damage":0,"enemies":"Small Slimes","floor":7,"turns":2},{"damage":14,"enemies":"3 Sentries","floor":8,"turns":10},{"damage":9,"enemies":"Blue Slaver","floor":11,"turns":4},{"damage":1,"enemies":"Exordium Thugs","floor":14,"turns":4},{"damage":13,"enemies":"Hexaghost","floor":16,"turns":8},{"damage":1,"enemies":"Spheric Guardian","floor":18,"turns":4},{"damage":9,"enemies":"2 Thieves","floor":19,"turns":4},{"damage":11,"enemies":"Masked Bandits","floor":20,"turns":7},{"damage":72,"enemies":"Slavers","floor":23,"turns":6}],"seed_played":"-4954746456912313623","potions_obtained":[{"floor":7,"key":"AttackPotion"},{"floor":8,"key":"Fruit Juice"},{"floor":16,"key":"AttackPotion"},{"floor":18,"key":"FairyPotion"},{"floor":19,"key":"FearPotion"}],"is_trial":false,"path_per_floor":["M","$","?","?","M","R","M","E","T","?","M","R","$","M","R","B",null,"M","M","?","?","$","E"],"character_chosen":"THE_SILENT","items_purchased":["Happy Flower","Terror","Noxious Fumes+1","Footwork+1"],"campfire_rested":0,"item_purchase_floors":[2,2,13,22],"current_hp_per_floor":[57,57,57,57,57,57,57,43,43,48,39,39,54,53,53,40,63,67,58,47,25,40,0],"gold":25,"neow_bonus":"TWO_FIFTY_GOLD","is_prod":false,"is_daily":false,"chose_seed":false,"campfire_upgraded":3,"win_rate":0,"timestamp":1702637800,"path_taken":["M","$","?","?","M","R","M","E","T","?","M","R","$","M","R","BOSS","M","M","?","?","$","E"],"build_version":"2022-12-18","purchased_purges":2,"victory":false,"max_hp_per_floor":[66,66,66,66,66,66,66,66,66,71,71,71,71,71,71,71,71,76,76,76,81,81,81],"card_choices":[{"not_picked":["PiercingWail","Prepared"],"picked":"Dagger Throw","floor":1},{"not_picked":["Dagger Spray","PiercingWail"],"picked":"Backstab","floor":5},{"not_picked":["Bane","Backflip"],"picked":"PiercingWail","floor":7},{"not_picked":["Blur","Deadly Poison"],"picked":"Footwork+1","floor":8},{"not_picked":["Endless Agony","Bane"],"picked":"Acrobatics","floor":11},{"not_picked":["Deflect","Crippling Poison"],"picked":"Blade Dance","floor":14},{"not_picked":["Corpse Explosion","Doppelganger"],"picked":"After Image+1","floor":16},{"not_picked":["Bane","Dodge and Roll"],"picked":"PiercingWail+1","floor":18},{"not_picked":["Quick Slash+1","Terror","Bane"],"picked":"SKIP","floor":19}],"player_experience":1001132,"relics_obtained":[{"floor":8,"key":"Frozen Egg 2"},{"floor":9,"key":"MealTicket"},{"floor":20,"key":"Red Mask"}],"event_choices":[{"damage_healed":0,"gold_gain":0,"cards_transformed":["Strike_G"],"player_choice":"Change","damage_taken":0,"max_hp_gain":0,"max_hp_loss":0,"event_name":"Living Wall","floor":3,"gold_loss":0,"cards_obtained":["Poisoned Stab"]},{"damage_healed":0,"gold_gain":0,"player_choice":"Leave","damage_taken":0,"max_hp_gain":0,"max_hp_loss":0,"event_name":"The Cleric","floor":4,"gold_loss":0},{"damage_healed":0,"gold_gain":0,"player_choice":"Donut","damage_taken":0,"max_hp_gain":5,"max_hp_loss":0,"event_name":"Big Fish","floor":10,"gold_loss":0},{"damage_healed":0,"gold_gain":0,"player_choice":"Fought Bandits","damage_taken":0,"max_hp_gain":0,"max_hp_loss":0,"event_name":"Masked Bandits","floor":20,"gold_loss":0},{"damage_healed":0,"gold_gain":0,"player_choice":"Shed Blood","damage_taken":27,"max_hp_gain":5,"max_hp_loss":0,"event_name":"Forgotten Altar","floor":21,"gold_loss":0}],"is_beta":false,"boss_relics":[{"not_picked":["Ring of the Serpent","Sozu"],"picked":"Runic Pyramid"}],"items_purged_floors":[2,22],"is_endless":false,"potions_floor_spawned":[7,8,16,18,19],"killed_by":"Slavers","ascension_level":18}