{"gold_per_floor":[15,26,40,55,55,82,93,93,93,93,93,108,108,139,139,235,235,195,195,145,145,145,145,145,145,145,145,15,15,15,15,15,15,15,15,0,0,0,0,0,0,0,0,0,0,0,0,0,0,0,0,0,0,0],"floor_reached":54,"playtime":2400,"items_purged":["Strike_G","Strike_G"],"score":1955,"play_id":"d39c1e26-5e11-4368-b9be-9ba96c929f92","local_time":"20231216001305","is_ascension_mode":true,"campfire_choices":[{"data":"Apotheosis","floor":8.0,"key":"SMITH"},{"data":"Backstab","floor":10.0,"key":"SMITH"},{"data":"Well Laid Plans","floor":15.0,"key":"SMITH"},{"data":"After Image","floor":23.0,"key":"SMITH"},{"data":"Phantasmal Killer","floor":25.0,"key":"SMITH"},{"floor":32.0,"key":"REST"},{"floor":40.0,"key":"REST"},{"floor":42.0,"key":"RECALL"},{"floor":44.0,"key":"REST"},{"floor":46.0,"key":"REST"},{"floor":49,"key":"REST"},{"floor":52,"key":"REST"}],"neow_cost":"NO_GOLD","seed_source_timestamp":220917294857800,"circlet_count":0,"master_deck":["AscendersBane","Strike_G+1","Defend_G+1","Defend_G+1","Defend_G+1","Defend_G+1","Defend_G+1","Survivor+1","Neutralize+1","Apotheosis+1","Dagger Throw+1","Backstab+1","Eviscerate+1","Adrenaline+1","Neutralize+1","Well Laid Plans+1","Terror+1","After Image+1","Reflex+1","Ghostly+1","Ghostly+1","Ghostly+1","Phantasmal Killer+1","Terror+1","Dash+1","Calculated Gamble+1","Acrobatics+1","Prepared+1","After Image+1","Dark Shackles+1","Dark Shackles+1","Finesse+1","Backflip+1","Calculated Gamble+1","Reflex+1","Tactician"],"special_seed":0,"relics":["Ring of the Snake","Smiling Mask","Golden Idol","Molten Egg 2","Ectoplasm","Question Card","Ancient Tea Set","Snake Skull","Fusion Hammer","Red Mask","Lantern","Frozen Egg 2","Mark of the Bloom","Bottled Lightning"],"potions_floor_usage":[50],"damage_taken":[{"damage":0.0,"enemies":"Jaw Worm","floor":1.0,"turns":5.0},{"damage":2.0,"enemies":"2 Louse","floor":2.0,"turns":3.0},{"damage":0.0,"enemies":"Cultist","floor":3.0,"turns":3.0},{"damage":0.0,"enemies":"3 Louse","floor":4.0,"turns":4.0},{"damage":21.0,"enemies":"Lagavulin","floor":6.0,"turns":6.0},{"damage":8.0,"enemies":"Large Slime","floor":7.0,"turns":5.0},{"damage":0.0,"enemies":"Looter","floor":12.0,"turns":2.0},{"damage":7.0,"enemies":"3 Sentries","floor":14.0,"turns":8.0},{"damage":0.0,"enemies":"The Guardian","floor":16.0,"turns":11.0},{"damage":11.0,"enemies":"2 Thieves","floor":18.0,"turns":4.0},{"damage":14.0,"enemies":"Shell Parasite","floor":22.0,"turns":5.0},{"damage":0.0,"enemies":"Gremlin Leader","floor":24.0,"turns":8.0},{"damage":1.0,"enemies":"Snake Plant","floor":29.0,"turns":4.0},{"damage":6.0,"enemies":"Book of Stabbing","floor":30.0,"turns":5.0},{"damage":0.0,"enemies":"Automaton","floor":33.0,"turns":5.0},{"damage":0.0,"enemies":"3 Shapes","floor":35.0,"turns":5.0},{"damage":0.0,"enemies":"Orb Walker","floor":37.0,"turns":4.0},{"damage":0.0,"enemies":"Writhing Mass","floor":39.0,"turns":6.0},{"damage":0.0,"enemies":"Nemesis","floor":41.0,"turns":5.0},{"damage":0.0,"enemies":"4 Shapes","floor":47.0,"turns":7.0},{"damage":0.0,"enemies":"Reptomancer","floor":48.0,"turns":6.0},{"damage":0,"enemies":"Awakened One","floor":50,"turns":6},{"damage":36,"enemies":"Shield and Spear","floor":54,"turns":2}],"seed_played":"-6303856392957383552","potions_obtained":[{"floor":4.0,"key":"CunningPotion"},{"floor":12.0,"key":"FearPotion"},{"floor":16.0,"key":"SteroidPotion"},{"floor":22.0,"key":"Strength Potion"},{"floor":29.0,"key":"Energy Potion"},{"floor":33.0,"key":"AttackPotion"},{"floor":47.0,"key":"DuplicationPotion"}],"is_trial":false,"path_per_floor":["M","M","M","M","?","E","M","R","T","R","?","M","?","E","R","B",null,"M","?","$","?","M","R","E","R","T","?","$","M","E","?","R","B",null,"M","?","M","?","M","R","E","R","T","R","?","R","M","E","R","B",null,"R","$","E"],"character_chosen":"THE_SILENT","items_purchased":["Calculated Gamble"],"campfire_rested":6,"item_purchase_floors":[28],"current_hp_per_floor":[59,57,57,57,62,41,33,33,33,33,33,33,33,26,26,26,55,44,44,44,32,18,18,18,18,18,18,18,17,11,11,20,20,29,29,29,29,19,19,28,28,28,28,32,32,32,32,32,32,32,32,32,32,0],"gold":0,"neow_bonus":"RANDOM_COLORLESS_2","is_prod":false,"is_daily":false,"chose_seed":false,"campfire_upgraded":5,"win_rate":0,"timestamp":1702714385,"path_taken":["M","M","M","M","?","E","M","R","T","R","?","?","?","E","R","BOSS","M","?","$","?","M","R","E","R","T","?","$","M","E","?","R","BOSS","M","?","M","?","M","R","E","R","T","R","?","R","M","E","R","BOSS","R","$","E"],"build_version":"2022-12-18","purchased_purges":2,"victory":false,"max_hp_per_floor":[66,66,66,66,71,71,71,71,71,71,71,71,64,64,64,64,64,64,64,64,32,32,32,32,32,32,32,32,32,32,32,32,32,32,32,32,32,32,32,32,32,32,32,32,32,32,32,32,32,32,32,32,32,32],"card_choices":[{"not_picked":["Violence","Secret Technique"],"picked":"Apotheosis","floor":0.0},{"not_picked":["Underhanded Strike","Blur"],"picked":"Dagger Throw","floor":1.0},{"not_picked":["Choke","Deflect"],"picked":"Backstab","floor":2.0},{"not_picked":["Outmaneuver","Flying Knee","Noxious Fumes"],"picked":"SKIP","floor":3.0},{"not_picked":["Cloak And Dagger","Slice"],"picked":"Eviscerate","floor":4.0},{"not_picked":["Masterful Stab","Catalyst"],"picked":"Adrenaline","floor":6.0},{"not_picked":["Tactician","Outmaneuver","Blur"],"picked":"SKIP","floor":7.0},{"not_picked":["Slice","Dash"],"picked":"Well Laid Plans","floor":12.0},{"not_picked":["Choke+1","Burst"],"picked":"Terror","floor":14.0},{"not_picked":["Tools of the Trade","Envenom"],"picked":"After Image","floor":16.0},{"not_picked":["Underhanded Strike+1","Deflect"],"picked":"Reflex+1","floor":18.0},{"not_picked":["Footwork","Infinite Blades","Slice+1"],"picked":"SKIP","floor":22.0},{"not_picked":["Expertise","Dodge and Roll"],"picked":"Phantasmal Killer","floor":24.0},{"not_picked":["PiercingWail","Distraction","Quick Slash+1"],"picked":"Acrobatics","floor":29.0},{"not_picked":["Dash+1","Footwork","Riddle With Holes+1"],"picked":"Prepared","floor":30.0},{"not_picked":["Burst","Venomology","Wraith Form v2"],"picked":"After Image","floor":33.0},{"not_picked":["Endless Agony+1","Bane+1","Expertise","Sucker Punch+1"],"picked":"SKIP","floor":35.0},{"not_picked":["Quick Slash+1","Slice+1","Poisoned Stab+1","Bouncing Flask"],"picked":"SKIP","floor":37.0},{"not_picked":["Enlightenment","Trip","Swift Strike+1"],"picked":"Dark Shackles","floor":38.0},{"not_picked":["Flash of Steel+1","Bandage Up","Magnetism"],"picked":"Dark Shackles","floor":38.0},{"not_picked":["Dramatic Entrance+1","Enlightenment","Mayhem"],"picked":"Finesse","floor":38.0},{"not_picked":["Dagger Spray+1","Bouncing Flask","Catalyst"],"picked":"Backflip","floor":39.0},{"not_picked":["Quick Slash+1","Dodge and Roll","A Thousand Cuts"],"picked":"Calculated Gamble","floor":41.0},{"not_picked":["Distraction+1","Dagger Spray+1","Outmaneuver+1"],"picked":"Reflex+1","floor":47.0},{"not_picked":["Expertise","Well Laid Plans+1","Night Terror"],"picked":"Tactician","floor":48}],"player_experience":1005615,"relics_obtained":[{"floor":6.0,"key":"Smiling Mask"},{"floor":14.0,"key":"Molten Egg 2"},{"floor":24.0,"key":"Question Card"},{"floor":26.0,"key":"Ancient Tea Set"},{"floor":30.0,"key":"Snake Skull"},{"floor":41.0,"key":"Lantern"},{"floor":43.0,"key":"Frozen Egg 2"},{"floor":48,"key":"Bottled Lightning"}],"event_choices":[{"damage_healed":0.0,"max_hp_gain":5.0,"max_hp_loss":0.0,"gold_gain":0.0,"event_name":"Big Fish","player_choice":"Donut","floor":5.0,"gold_loss":0.0,"damage_taken":0.0},{"damage_healed":0.0,"max_hp_gain":0.0,"max_hp_loss":0.0,"gold_gain":0.0,"event_name":"Match and Keep!","player_choice":"1 cards matched","floor":11.0,"gold_loss":0.0,"damage_taken":0.0,"cards_obtained":["Neutralize"]},{"damage_healed":0.0,"max_hp_gain":0.0,"max_hp_loss":7.0,"gold_gain":0.0,"event_name":"Golden Idol","player_choice":"Lose Max HP","floor":13.0,"gold_loss":0.0,"damage_taken":0.0,"relics_obtained":["Golden Idol"]},{"damage_healed":0.0,"max_hp_gain":0.0,"max_hp_loss":0.0,"gold_gain":0.0,"event_name":"The Mausoleum","player_choice":"Ignored","floor":19.0,"gold_loss":0.0,"damage_taken":0.0},{"damage_healed":0.0,"max_hp_gain":0.0,"max_hp_loss":32.0,"gold_gain":0.0,"event_name":"Ghosts","player_choice":"Became a Ghost","floor":21.0,"gold_loss":0.0,"damage_taken":0.0,"cards_obtained":["Ghostly","Ghostly","Ghostly"]},{"damage_healed":0.0,"max_hp_gain":0.0,"max_hp_loss":0.0,"gold_gain":0.0,"cards_transformed":["Strike_G","Strike_G"],"event_name":"Drug Dealer","player_choice":"Became Test Subject","floor":27.0,"gold_loss":0.0,"damage_taken":0.0,"cards_obtained":["Terror","Dash"]},{"damage_healed":0.0,"max_hp_gain":0.0,"max_hp_loss":0.0,"gold_gain":0.0,"event_name":"Tomb of Lord Red Mask","player_choice":"Paid","floor":36.0,"gold_loss":15.0,"damage_taken":0.0,"relics_obtained":["Red Mask"]},{"damage_healed":0.0,"max_hp_gain":0.0,"max_hp_loss":0.0,"gold_gain":0.0,"event_name":"SensoryStone","player_choice":"Memory 3","floor":38.0,"gold_loss":0.0,"damage_taken":10.0},{"damage_healed":0.0,"max_hp_gain":0.0,"max_hp_loss":0.0,"gold_gain":0.0,"event_name":"MindBloom","player_choice":"Upgrade","floor":45.0,"gold_loss":0.0,"damage_taken":0.0,"cards_upgraded":["Strike_G","Defend_G","Defend_G","Defend_G","Defend_G","Defend_G","Survivor","Neutralize","Dagger Throw","Eviscerate","Adrenaline","Neutralize","Terror","Ghostly","Ghostly","Ghostly","Terror","Calculated Gamble","Acrobatics","Prepared","After Image","Dark Shackles","Dark Shackles","Finesse","Backflip","Calculated Gamble"],"relics_obtained":["Mark of the Bloom"]}],"is_beta":false,"boss_relics":[{"not_picked":["Velvet Choker","Runic Pyramid"],"picked":"Ectoplasm"},{"not_picked":["Empty Cage","Busted Crown"],"picked":"Fusion Hammer"}],"items_purged_floors":[20,28],"is_endless":false,"potions_floor_spawned":[4,12,16,22,29,33,37,47,48],"killed_by":"Shield and Spear","ascension_level":18}