{"gold_per_floor":[11,23,43,43,13,47,47,6,6,6,6,46,46,77,77,77],"floor_reached":16,"playtime":535,"items_purged":[],"score":243,"play_id":"a624e3e3-7b1b-4e2e-83b8-71dc95345685","local_time":"20231209195733","is_ascension_mode":true,"campfire_choices":[{"data":"Dagger Spray","floor":7,"key":"SMITH"},{"data":"Calculated Gamble","floor":10,"key":"SMITH"},{"floor":15,"key":"REST"}],"neow_cost":"NO_GOLD","seed_source_timestamp":156648760499400,"circlet_count":0,"master_deck":["AscendersBane","Strike_G","Strike_G","Strike_G","Strike_G","Strike_G","Defend_G","Defend_G","Defend_G","Defend_G","Defend_G","Survivor","Neutralize","Poisoned Stab","Eviscerate","Dagger Spray+1","Acrobatics","Concentrate","Calculated Gamble+1","Adrenaline"],"relics":["Ring of the Snake","Molten Egg 2","White Beast Statue","Gremlin Horn","Golden Idol","Shuriken","Pear"],"potions_floor_usage":[6,12,13,14,14],"damage_taken":[{"damage":0,"enemies":"Small Slimes","floor":1,"turns":4},{"damage":0,"enemies":"2 Louse","floor":2,"turns":2},{"damage":0,"enemies":"Jaw Worm","floor":3,"turns":4},{"damage":6,"enemies":"Exordium Thugs","floor":5,"turns":4},{"damage":24,"enemies":"3 Sentries","floor":6,"turns":7},{"damage":10,"enemies":"Gremlin Nob","floor":12,"turns":3},{"damage":10,"enemies":"3 Sentries","floor":14,"turns":6},{"damage":56,"enemies":"Slime Boss","floor":16,"turns":5}],"seed_played":"-7324278845605350714","potions_obtained":[{"floor":1,"key":"Regen Potion"},{"floor":6,"key":"Swift Potion"},{"floor":12,"key":"Block Potion"},{"floor":13,"key":"Fruit Juice"},{"floor":13,"key":"SteroidPotion"},{"floor":14,"key":"Ancient Potion"}],"is_trial":false,"path_per_floor":["M","M","M","?","M","E","R","$","T","R","?","E","?","E","R","B"],"character_chosen":"THE_SILENT","items_purchased":["Calculated Gamble"],"campfire_rested":1,"item_purchase_floors":[8],"current_hp_per_floor":[71,71,71,45,39,30,30,30,30,30,30,20,25,25,50,0],"gold":77,"neow_bonus":"TWENTY_PERCENT_HP_BONUS","is_prod":false,"is_daily":false,"chose_seed":false,"campfire_upgraded":2,"win_rate":0,"timestamp":1702180653,"path_taken":["M","M","M","?","M","E","R","$","T","R","?","E","?","E","R","BOSS"],"build_version":"2022-12-18","purchased_purges":0,"victory":false,"max_hp_per_floor":[78,78,78,78,78,78,78,78,78,78,71,71,76,86,86,86],"card_choices":[{"not_picked":["Escape Plan","Dagger Spray"],"picked":"Poisoned Stab","floor":1},{"not_picked":["Poisoned Stab","Flying Knee"],"picked":"Eviscerate","floor":2},{"not_picked":["Outmaneuver","Bane"],"picked":"Dagger Spray","floor":3},{"not_picked":["Tactician","Venomology"],"picked":"Acrobatics","floor":5},{"not_picked":["Outmaneuver","Bane+1"],"picked":"Concentrate","floor":6},{"not_picked":["A Thousand Cuts","Reflex"],"picked":"Adrenaline","floor":12},{"not_picked":["Dash+1","Poisoned Stab+1","Dodge and Roll"],"picked":"SKIP","floor":14}],"player_experience":955891,"relics_obtained":[{"floor":6,"key":"White Beast Statue"},{"floor":9,"key":"Gremlin Horn"},{"floor":12,"key":"Shuriken"},{"floor":14,"key":"Pear"}],"event_choices":[{"damage_healed":0,"gold_gain":0,"player_choice":"Success","damage_taken":26,"relics_obtained":["Molten Egg 2"],"max_hp_gain":0,"max_hp_loss":0,"event_name":"Scrap Ooze","floor":4,"gold_loss":0},{"damage_healed":0,"gold_gain":0,"player_choice":"Lose Max HP","damage_taken":0,"relics_obtained":["Golden Idol"],"max_hp_gain":0,"max_hp_loss":7,"event_name":"Golden Idol","floor":11,"gold_loss":0},{"damage_healed":0,"gold_gain":0,"player_choice":"Got Potions","damage_taken":0,"max_hp_gain":0,"max_hp_loss":0,"event_name":"Lab","floor":13,"gold_loss":0}],"is_beta":false,"boss_relics":[],"items_purged_floors":[],"is_endless":false,"potions_floor_spawned":[1,6,12,14],"killed_by":"Slime Boss","ascension_level":17}