{"gold_per_floor":[119,138,138,438,148,148,177,177,177,187,187,213,213,213],"floor_reached":14,"playtime":302,"items_purged":["Strike_G"],"score":230,"play_id":"9e5a21b8-9967-4d7a-9eee-f2734807a79b","local_time":"20231215004731","is_ascension_mode":true,"campfire_choices":[{"data":"All Out Attack","floor":6,"key":"SMITH"},{"data":"Dagger Throw","floor":8,"key":"SMITH"},{"data":"Deadly Poison","floor":11,"key":"SMITH"},{"floor":13,"key":"REST"}],"neow_cost":"NONE","seed_source_timestamp":138696230788199,"circlet_count":0,"master_deck":["AscendersBane","Strike_G","Strike_G","Strike_G","Defend_G","Defend_G","Defend_G","Defend_G","Defend_G","Survivor","Neutralize","Dagger Throw+1","All Out Attack+1","PiercingWail","Deadly Poison+1","Slice"],"relics":["Ring of the Snake","NeowsBlessing","Old Coin","Vajra","Pantograph","Bird Faced Urn","Letter Opener"],"potions_floor_usage":[12,12],"damage_taken":[{"damage":0,"enemies":"Small Slimes","floor":1,"turns":1},{"damage":0,"enemies":"2 Louse","floor":2,"turns":1},{"damage":0,"enemies":"3 Sentries","floor":7,"turns":2},{"damage":1,"enemies":"Jaw Worm","floor":10,"turns":2},{"damage":28,"enemies":"Gremlin Nob","floor":12,"turns":4},{"damage":27,"enemies":"3 Sentries","floor":14,"turns":4}],"seed_played":"-6258758386174241394","potions_obtained":[{"floor":2,"key":"GamblersBrew"},{"floor":10,"key":"Dexterity Potion"}],"is_trial":false,"path_per_floor":["M","M","?","?","$","R","E","R","T","M","R","E","R","E"],"character_chosen":"THE_SILENT","items_purchased":["Vajra","AttackPotion"],"campfire_rested":1,"item_purchase_floors":[5,5],"current_hp_per_floor":[59,59,52,34,34,34,34,34,34,33,33,5,24,0],"gold":213,"neow_bonus":"THREE_ENEMY_KILL","is_prod":false,"is_daily":false,"chose_seed":false,"campfire_upgraded":3,"win_rate":0,"timestamp":1702630051,"path_taken":["M","M","?","?","$","R","E","R","T","?","R","E","R","E"],"build_version":"2022-12-18","purchased_purges":1,"victory":false,"max_hp_per_floor":[66,66,66,66,66,66,66,66,66,66,66,66,66,66],"card_choices":[{"not_picked":["Dodge and Roll","Deflect"],"picked":"Dagger Throw","floor":1},{"not_picked":["Bane","Deflect"],"picked":"All Out Attack","floor":2},{"not_picked":["Outmaneuver","Envenom"],"picked":"PiercingWail","floor":7},{"not_picked":["PiercingWail","Choke"],"picked":"Deadly Poison","floor":10},{"not_picked":["Dagger Spray","Flying Knee"],"picked":"Slice","floor":12}],"player_experience":994592,"relics_obtained":[{"floor":7,"key":"Pantograph"},{"floor":9,"key":"Bird Faced Urn"},{"floor":12,"key":"Letter Opener"}],"event_choices":[{"cards_removed":["Strike_G"],"damage_healed":0,"gold_gain":0,"player_choice":"Card Removal","damage_taken":7,"max_hp_gain":0,"max_hp_loss":0,"event_name":"Golden Wing","floor":3,"gold_loss":0},{"damage_healed":0,"gold_gain":0,"player_choice":"Success","damage_taken":18,"relics_obtained":["Old Coin"],"max_hp_gain":0,"max_hp_loss":0,"event_name":"Scrap Ooze","floor":4,"gold_loss":0}],"is_beta":false,"boss_relics":[],"items_purged_floors":[5],"is_endless":false,"potions_floor_spawned":[2,10],"killed_by":"3 Sentries","ascension_level":18}