{"gold_per_floor":[110,128,144,159,159,159,187,200,224,240,240,266,277,308,308,382,382,392,29,29,44,61,92,92,126,150,150,150,50,50,75,75,152,152,172,197,207,45,45,76,76,102,153,153,179,179,209,233,233,233],"floor_reached":50,"playtime":2693,"items_purged":["Strike_G","Decay"],"score":1362,"play_id":"ce839656-8d60-4faa-b6aa-dd6697c5fb00","local_time":"20231210134518","is_ascension_mode":true,"campfire_choices":[{"data":"Terror","floor":6,"key":"SMITH"},{"data":"Prepared","floor":11,"key":"SMITH"},{"data":"All Out Attack","floor":15,"key":"SMITH"},{"data":"Calculated Gamble","floor":24,"key":"SMITH"},{"data":"Eviscerate","floor":28,"key":"SMITH"},{"data":"Footwork","floor":30,"key":"SMITH"},{"data":"1","floor":32,"key":"LIFT"},{"data":"2","floor":41,"key":"LIFT"},{"data":"3","floor":44,"key":"LIFT"},{"floor":49,"key":"RECALL"}],"neow_cost":"NONE","seed_source_timestamp":218563378753200,"circlet_count":0,"master_deck":["AscendersBane","Strike_G+1","Strike_G","Strike_G","Defend_G","Defend_G","Defend_G","Defend_G+1","Survivor+1","Neutralize+1","Prepared+1","Underhanded Strike","Slice","Terror+1","All Out Attack+1","Eviscerate+1","Acrobatics","Tools of the Trade","Backstab+1","Calculated Gamble+1","Footwork+1","Reflex+1","Wraith Form v2","Footwork+1","Footwork","Calculated Gamble"],"relics":["Ring of the Snake","Pen Nib","Whetstone","War Paint","Bronze Scales","Coffee Dripper","Frozen Eye","MutagenicStrength","Toy Ornithopter","TungstenRod","MealTicket","Girya","Fusion Hammer","StoneCalendar","PreservedInsect","Orichalcum","Blood Vial","CeramicFish","Bottled Tornado"],"potions_floor_usage":[4,12,16,16,18,25,25,50],"damage_taken":[{"damage":2,"enemies":"Small Slimes","floor":1,"turns":5},{"damage":0,"enemies":"Cultist","floor":2,"turns":4},{"damage":0,"enemies":"2 Louse","floor":3,"turns":3},{"damage":8,"enemies":"Large Slime","floor":4,"turns":8},{"damage":18,"enemies":"Gremlin Nob","floor":7,"turns":4},{"damage":4,"enemies":"Exordium Wildlife","floor":8,"turns":6},{"damage":8,"enemies":"Looter","floor":10,"turns":3},{"damage":0,"enemies":"Lagavulin","floor":12,"turns":4},{"damage":2,"enemies":"3 Louse","floor":13,"turns":4},{"damage":5,"enemies":"3 Sentries","floor":14,"turns":5},{"damage":4,"enemies":"Slime Boss","floor":16,"turns":7},{"damage":13,"enemies":"Shell Parasite","floor":18,"turns":3},{"damage":0,"enemies":"Spheric Guardian","floor":21,"turns":3},{"damage":12,"enemies":"Cultist and Chosen","floor":22,"turns":3},{"damage":0,"enemies":"Gremlin Leader","floor":23,"turns":3},{"damage":2,"enemies":"Slavers","floor":25,"turns":3},{"damage":0,"enemies":"Book of Stabbing","floor":31,"turns":3},{"damage":4,"enemies":"Collector","floor":33,"turns":6},{"damage":0,"enemies":"Orb Walker","floor":35,"turns":1},{"damage":0,"enemies":"Mind Bloom Boss Battle","floor":36,"turns":5},{"damage":18,"enemies":"3 Darklings","floor":37,"turns":4},{"damage":14,"enemies":"Nemesis","floor":40,"turns":7},{"damage":0,"enemies":"Giant Head","floor":42,"turns":5},{"damage":18,"enemies":"Reptomancer","floor":45,"turns":3},{"damage":12,"enemies":"Nemesis","floor":47,"turns":3},{"damage":4,"enemies":"Writhing Mass","floor":48,"turns":4},{"damage":29,"enemies":"Time Eater","floor":50,"turns":10}],"seed_played":"-3833645618907609684","potions_obtained":[{"floor":1,"key":"Energy Potion"},{"floor":3,"key":"SteroidPotion"},{"floor":4,"key":"Fruit Juice"},{"floor":10,"key":"ColorlessPotion"},{"floor":13,"key":"Poison Potion"},{"floor":16,"key":"AttackPotion"},{"floor":18,"key":"Energy Potion"},{"floor":23,"key":"Strength Potion"},{"floor":25,"key":"Poison Potion"},{"floor":37,"key":"SteroidPotion"},{"floor":42,"key":"DuplicationPotion"},{"floor":47,"key":"Ancient Potion"}],"is_trial":false,"path_per_floor":["M","M","M","M","?","R","E","M","T","M","R","E","M","E","R","B",null,"M","$","?","M","M","E","R","E","T","?","R","$","R","E","R","B",null,"M","?","M","$","?","E","R","E","T","R","E","?","E","M","R","B"],"character_chosen":"THE_SILENT","items_purchased":["Calculated Gamble","Footwork","Frozen Eye","PreservedInsect"],"campfire_rested":0,"item_purchase_floors":[19,19,19,38],"current_hp_per_floor":[57,57,57,54,54,54,36,32,32,24,24,24,22,17,17,13,57,44,44,44,44,32,32,32,40,40,40,40,55,55,55,55,51,66,66,66,48,63,63,49,49,49,49,49,33,33,23,21,21,0],"gold":233,"neow_bonus":"REMOVE_CARD","is_prod":false,"is_daily":false,"chose_seed":false,"campfire_upgraded":6,"win_rate":0,"timestamp":1702244718,"path_taken":["M","M","M","M","?","R","E","M","T","M","R","E","?","E","R","BOSS","M","$","?","M","M","E","R","E","T","?","R","?","R","E","R","BOSS","M","?","M","$","?","E","R","E","T","R","E","?","E","?","R","BOSS"],"build_version":"2022-12-18","purchased_purges":2,"victory":false,"max_hp_per_floor":[66,66,66,71,71,71,71,71,71,71,71,71,71,71,71,71,71,71,71,71,71,71,71,71,71,71,71,71,71,71,71,71,71,71,71,71,71,71,71,71,71,71,71,71,71,67,67,67,67,67],"card_choices":[{"not_picked":["Infinite Blades","Choke"],"picked":"Prepared","floor":1},{"not_picked":["PiercingWail","Accuracy"],"picked":"Underhanded Strike","floor":2},{"not_picked":["Crippling Poison","Caltrops"],"picked":"Slice","floor":3},{"not_picked":["Leg Sweep","Deflect"],"picked":"Terror","floor":4},{"not_picked":["Deadly Poison","Skewer","Quick Slash"],"picked":"SKIP","floor":7},{"not_picked":["Skewer","Poisoned Stab"],"picked":"All Out Attack","floor":8},{"not_picked":["Catalyst","Sucker Punch"],"picked":"Eviscerate","floor":10},{"not_picked":["Poisoned Stab","Dagger Spray"],"picked":"PiercingWail","floor":12},{"not_picked":["Backflip","Terror"],"picked":"Acrobatics","floor":13},{"not_picked":["Dagger Spray","Blade Dance","Slice"],"picked":"SKIP","floor":14},{"not_picked":["Glass Knife","A Thousand Cuts"],"picked":"Tools of the Trade","floor":16},{"not_picked":["All Out Attack","Dodge and Roll+1"],"picked":"Backstab+1","floor":18},{"not_picked":["Riddle With Holes+1","Predator","Skewer"],"picked":"SKIP","floor":21},{"not_picked":["Leg Sweep","Underhanded Strike"],"picked":"Reflex+1","floor":22},{"not_picked":["Cloak And Dagger","Bouncing Flask","Dagger Spray"],"picked":"SKIP","floor":23},{"not_picked":["Sucker Punch","Dagger Spray","Deadly Poison"],"picked":"SKIP","floor":25},{"not_picked":["Catalyst","Noxious Fumes","Accuracy"],"picked":"SKIP","floor":31},{"not_picked":["Envenom","A Thousand Cuts"],"picked":"Wraith Form v2","floor":33},{"not_picked":["Distraction+1","Outmaneuver","Deflect"],"picked":"SKIP","floor":35},{"not_picked":["Well Laid Plans","Outmaneuver+1"],"picked":"Footwork+1","floor":37},{"not_picked":["Blur","Dagger Spray+1"],"picked":"Footwork","floor":40},{"not_picked":["Footwork","Envenom","Masterful Stab+1"],"picked":"SKIP","floor":42},{"not_picked":["Dash","Flechettes","Underhanded Strike"],"picked":"SKIP","floor":45},{"not_picked":["Deflect","Choke+1","Backstab"],"picked":"SKIP","floor":47},{"not_picked":["All Out Attack","Deflect"],"picked":"Calculated Gamble","floor":48}],"player_experience":959900,"relics_obtained":[{"floor":7,"key":"Pen Nib"},{"floor":9,"key":"Whetstone"},{"floor":12,"key":"War Paint"},{"floor":14,"key":"Bronze Scales"},{"floor":23,"key":"Toy Ornithopter"},{"floor":25,"key":"TungstenRod"},{"floor":26,"key":"MealTicket"},{"floor":31,"key":"Girya"},{"floor":36,"key":"StoneCalendar"},{"floor":40,"key":"Orichalcum"},{"floor":42,"key":"Blood Vial"},{"floor":45,"key":"CeramicFish"},{"floor":47,"key":"Bottled Tornado"}],"event_choices":[{"cards_removed":["Defend_G"],"damage_healed":0,"gold_gain":0,"player_choice":"Offered Basic","damage_taken":0,"max_hp_gain":0,"max_hp_loss":0,"event_name":"Bonfire Elementals","floor":5,"gold_loss":0},{"damage_healed":0,"gold_gain":0,"player_choice":"Inject Mutagens","damage_taken":0,"relics_obtained":["MutagenicStrength"],"max_hp_gain":0,"max_hp_loss":0,"event_name":"Drug Dealer","floor":20,"gold_loss":0},{"damage_healed":0,"gold_gain":0,"player_choice":"Smashed Altar","damage_taken":0,"max_hp_gain":0,"max_hp_loss":0,"event_name":"Forgotten Altar","floor":27,"gold_loss":0,"cards_obtained":["Decay"]},{"damage_healed":0,"gold_gain":0,"player_choice":"Fight","damage_taken":0,"max_hp_gain":0,"max_hp_loss":0,"event_name":"MindBloom","floor":36,"gold_loss":0},{"cards_removed":["PiercingWail"],"damage_healed":0,"gold_gain":0,"player_choice":"Removed Skill","damage_taken":0,"max_hp_gain":0,"max_hp_loss":0,"event_name":"Falling","floor":39,"gold_loss":0},{"damage_healed":0,"gold_gain":0,"player_choice":"Max HP","damage_taken":0,"max_hp_gain":0,"max_hp_loss":4,"event_name":"Winding Halls","floor":46,"gold_loss":0}],"is_beta":false,"boss_relics":[{"not_picked":["Empty Cage","Sozu"],"picked":"Coffee Dripper"},{"not_picked":["Pandora\u0027s Box","Astrolabe"],"picked":"Fusion Hammer"}],"items_purged_floors":[19,29],"is_endless":false,"potions_floor_spawned":[1,3,4,10,13,16,18,23,25,37,42,47],"killed_by":"Time Eater","ascension_level":17}