{"gold_per_floor":[114,39,59,72,86,86,115,115,165,193,193,218,218,239,239,332,332,345,113,126,145,145,145,186,186,186,219,144,144,161,192,192,266,266,278,288,288,163,163,191,206,206,206,239,39,89,99,131,131,131,131,131,19,48,48],"floor_reached":56,"playtime":3146,"items_purged":["Strike_G","Strike_G","Strike_G+1","Strike_G+1"],"score":2294,"play_id":"6fe6df2f-3d57-400a-84a4-9fb530fe5943","local_time":"20231210194446","is_ascension_mode":true,"campfire_choices":[{"data":"Prepared","floor":6,"key":"SMITH"},{"data":"Blade Dance","floor":8,"key":"SMITH"},{"data":"Eviscerate","floor":13,"key":"SMITH"},{"data":"Dagger Throw","floor":15,"key":"SMITH"},{"data":"Venomology","floor":23,"key":"SMITH"},{"data":"Eviscerate","floor":25,"key":"SMITH"},{"data":"Terror","floor":32,"key":"SMITH"},{"data":"Neutralize","floor":42,"key":"SMITH"},{"floor":49,"key":"RECALL"},{"data":"Prepared","floor":52,"key":"SMITH"}],"neow_cost":"NONE","seed_source_timestamp":239630909506400,"circlet_count":0,"master_deck":["AscendersBane","Defend_G+1","Defend_G+1","Defend_G+1","Defend_G+1","Defend_G+1","Neutralize+1","Eviscerate+1","Dagger Throw+1","Prepared+1","Blade Dance+1","Venomology+1","Adrenaline+1","Terror+1","Backflip+1","Eviscerate+1","Well Laid Plans","Well Laid Plans+1","Backflip+1","Venomology","Prepared+1","Prepared","Acrobatics","Phantasmal Killer"],"relics":["Ring of the Snake","Blood Vial","Singing Bowl","Nunchaku","Bloody Idol","HoveringKite","Darkstone Periapt","War Paint","Ancient Tea Set","Strawberry","WristBlade","Vajra","Paper Crane","Anchor","Art of War","Thread and Needle"],"potions_floor_usage":[7,7,16,16,18,21,24,24,27,30,31,33,35,36,40,41,44,50,50,55,55,55],"damage_taken":[{"damage":1,"enemies":"Jaw Worm","floor":1,"turns":5},{"damage":0,"enemies":"2 Louse","floor":3,"turns":3},{"damage":3,"enemies":"Small Slimes","floor":4,"turns":4},{"damage":9,"enemies":"Exordium Thugs","floor":5,"turns":5},{"damage":14,"enemies":"Lagavulin","floor":7,"turns":8},{"damage":12,"enemies":"3 Sentries","floor":10,"turns":7},{"damage":3,"enemies":"Blue Slaver","floor":12,"turns":3},{"damage":7,"enemies":"Gremlin Gang","floor":14,"turns":5},{"damage":30,"enemies":"Hexaghost","floor":16,"turns":10},{"damage":31,"enemies":"Spheric Guardian","floor":18,"turns":7},{"damage":0,"enemies":"Chosen","floor":20,"turns":3},{"damage":1,"enemies":"Centurion and Healer","floor":21,"turns":5},{"damage":1,"enemies":"Book of Stabbing","floor":24,"turns":2},{"damage":8,"enemies":"Slavers","floor":27,"turns":7},{"damage":0,"enemies":"3 Cultists","floor":30,"turns":5},{"damage":0,"enemies":"Book of Stabbing","floor":31,"turns":3},{"damage":25,"enemies":"Automaton","floor":33,"turns":11},{"damage":4,"enemies":"3 Darklings","floor":35,"turns":5},{"damage":36,"enemies":"3 Shapes","floor":36,"turns":2},{"damage":17,"enemies":"Nemesis","floor":40,"turns":5},{"damage":0,"enemies":"Maw","floor":41,"turns":4},{"damage":0,"enemies":"Giant Head","floor":44,"turns":4},{"damage":17,"enemies":"3 Darklings","floor":47,"turns":4},{"damage":0,"enemies":"Reptomancer","floor":48,"turns":3},{"damage":34,"enemies":"Time Eater","floor":50,"turns":6},{"damage":16,"enemies":"Shield and Spear","floor":54,"turns":4},{"damage":75,"enemies":"The Heart","floor":55,"turns":8}],"seed_played":"5095363789999039392","potions_obtained":[{"floor":1,"key":"Dexterity Potion"},{"floor":3,"key":"Fire Potion"},{"floor":7,"key":"Energy Potion"},{"floor":14,"key":"Fire Potion"},{"floor":24,"key":"FairyPotion"},{"floor":27,"key":"Regen Potion"},{"floor":36,"key":"DuplicationPotion"},{"floor":47,"key":"Strength Potion"}],"is_trial":false,"path_per_floor":["M","$","M","M","M","R","E","R","T","E","?","M","R","M","R","B",null,"M","$","M","M","?","R","E","R","T","E","?","?","M","E","R","B",null,"M","M","?","$","?","E","M","R","T","E","$","?","M","E","R","B",null,"R","$","E","B",null],"character_chosen":"THE_SILENT","items_purchased":["Terror","Backflip","Prepared","Acrobatics","Dexterity Potion"],"campfire_rested":0,"item_purchase_floors":[19,19,45,53,53],"current_hp_per_floor":[60,60,62,61,54,54,42,42,42,34,34,35,35,30,30,2,49,22,22,24,27,27,27,30,30,30,24,24,24,45,61,61,45,72,77,50,50,50,50,40,49,49,49,56,56,61,53,60,60,28,71,71,71,62,14],"gold":48,"neow_bonus":"RANDOM_COMMON_RELIC","is_prod":false,"is_daily":false,"chose_seed":false,"campfire_upgraded":9,"win_rate":0,"timestamp":1702266286,"path_taken":["M","$","M","M","M","R","E","R","T","E","?","M","R","M","R","BOSS","M","$","M","M","?","R","E","R","T","E","?","?","M","E","R","BOSS","M","M","?","$","?","E","?","R","T","E","$","?","M","E","R","BOSS","R","$","E","BOSS"],"build_version":"2022-12-18","purchased_purges":4,"victory":true,"max_hp_per_floor":[66,66,66,66,66,66,66,66,66,68,62,64,64,64,64,64,64,66,66,66,68,68,68,70,70,70,70,70,70,70,79,79,81,81,83,85,81,81,81,81,83,83,83,83,83,83,85,85,85,85,85,85,85,85,85],"card_choices":[{"not_picked":["Expertise","Flechettes"],"picked":"Eviscerate","floor":1},{"not_picked":["Underhanded Strike","Bane"],"picked":"Dagger Throw","floor":3},{"not_picked":["Poisoned Stab","Slice","Sucker Punch"],"picked":"SKIP","floor":4},{"not_picked":["Sucker Punch","Underhanded Strike"],"picked":"Prepared","floor":5},{"not_picked":["Riddle With Holes","Leg Sweep"],"picked":"Blade Dance","floor":7},{"not_picked":["Dagger Spray","Sucker Punch","Blur"],"picked":"Singing Bowl","floor":10},{"not_picked":["Dagger Spray","Poisoned Stab","Flechettes"],"picked":"Singing Bowl","floor":12},{"not_picked":["Dagger Spray","PiercingWail"],"picked":"Venomology","floor":14},{"not_picked":["Unload","Doppelganger"],"picked":"Adrenaline","floor":16},{"not_picked":["Dagger Throw","Slice","Setup+1"],"picked":"Singing Bowl","floor":18},{"not_picked":["Bane","Slice"],"picked":"Eviscerate","floor":20},{"not_picked":["Cloak And Dagger+1","Quick Slash","Outmaneuver+1"],"picked":"Singing Bowl","floor":21},{"not_picked":["Dagger Throw","Deadly Poison","Skewer"],"picked":"Singing Bowl","floor":24},{"not_picked":["Choke","Leg Sweep+1"],"picked":"Well Laid Plans","floor":27},{"not_picked":["Crippling Poison","Flechettes"],"picked":"Well Laid Plans+1","floor":30},{"not_picked":["Choke","Well Laid Plans","Dagger Throw"],"picked":"Singing Bowl","floor":31},{"not_picked":["Envenom","Glass Knife","Doppelganger"],"picked":"Singing Bowl","floor":33},{"not_picked":["Bane","Bouncing Flask","All Out Attack"],"picked":"Singing Bowl","floor":35},{"not_picked":["Cloak And Dagger","Bane+1","Quick Slash"],"picked":"Singing Bowl","floor":36},{"not_picked":["Deflect","Deadly Poison"],"picked":"Backflip+1","floor":40},{"not_picked":["Skewer","Dagger Throw","Quick Slash"],"picked":"Singing Bowl","floor":41},{"not_picked":["Flying Knee+1","Dodge and Roll"],"picked":"Venomology","floor":44},{"not_picked":["Expertise","Catalyst","Dagger Spray"],"picked":"Singing Bowl","floor":47},{"not_picked":["Noxious Fumes+1","Bane"],"picked":"Prepared","floor":48},{"not_picked":["All Out Attack","Flying Knee+1"],"picked":"Phantasmal Killer","floor":54}],"player_experience":962593,"relics_obtained":[{"floor":7,"key":"Singing Bowl"},{"floor":10,"key":"Nunchaku"},{"floor":24,"key":"Darkstone Periapt"},{"floor":26,"key":"War Paint"},{"floor":27,"key":"Ancient Tea Set"},{"floor":31,"key":"Strawberry"},{"floor":40,"key":"Vajra"},{"floor":43,"key":"Paper Crane"},{"floor":44,"key":"Anchor"},{"floor":48,"key":"Art of War"},{"floor":54,"key":"Thread and Needle"}],"event_choices":[{"damage_healed":0,"gold_gain":0,"player_choice":"Lose Max HP","damage_taken":0,"relics_obtained":["Golden Idol"],"max_hp_gain":0,"max_hp_loss":6,"event_name":"Golden Idol","floor":11,"gold_loss":0},{"damage_healed":0,"gold_gain":0,"player_choice":"Simplicity","damage_taken":0,"max_hp_gain":0,"max_hp_loss":0,"event_name":"Back to Basics","floor":22,"gold_loss":0,"cards_upgraded":["Strike_G","Strike_G","Strike_G","Defend_G","Defend_G","Defend_G","Defend_G","Defend_G"]},{"cards_removed":["Strike_G"],"damage_healed":0,"gold_gain":0,"player_choice":"Gave Gold","damage_taken":0,"max_hp_gain":0,"max_hp_loss":0,"event_name":"Beggar","floor":28,"gold_loss":75},{"damage_healed":0,"gold_gain":0,"player_choice":"Gave Idol","damage_taken":0,"relics_obtained":["Bloody Idol"],"max_hp_gain":0,"max_hp_loss":0,"event_name":"Forgotten Altar","floor":29,"relics_lost":["Golden Idol"],"gold_loss":0},{"damage_healed":0,"gold_gain":0,"player_choice":"Max HP","damage_taken":0,"max_hp_gain":0,"max_hp_loss":4,"event_name":"Winding Halls","floor":37,"gold_loss":0},{"cards_removed":["Survivor"],"damage_healed":0,"gold_gain":0,"player_choice":"Removed Skill","damage_taken":0,"max_hp_gain":0,"max_hp_loss":0,"event_name":"Falling","floor":39,"gold_loss":0},{"damage_healed":0,"gold_gain":50,"player_choice":"Pray","damage_taken":0,"max_hp_gain":0,"max_hp_loss":0,"event_name":"Golden Shrine","floor":46,"gold_loss":0}],"is_beta":false,"boss_relics":[{"not_picked":["Busted Crown","Philosopher\u0027s Stone"],"picked":"HoveringKite"},{"not_picked":["Black Star","Calling Bell"],"picked":"WristBlade"}],"items_purged_floors":[2,19,38,45],"is_endless":false,"potions_floor_spawned":[1,3,7,14,21,24,27,36,41,47,48],"ascension_level":17}