{"gold_per_floor":[119,119,99,118,43,74,85,85,85,101,101,127,138,168,168,239,239,253,9,27,27,2,2,30,42,65,78,104,104,114,139,139,216,216,234,130,130,149,99,126,126,158,158,158,169,169,196,208,208,208,208],"floor_reached":51,"playtime":3917,"items_purged":["Strike_G","Strike_G","Strike_G","Strike_G"],"score":1876,"play_id":"dc591566-21ce-4e99-b59a-6a64354f7169","local_time":"20231227161854","is_ascension_mode":true,"campfire_choices":[{"data":"Calculated Gamble","floor":8,"key":"SMITH"},{"data":"Underhanded Strike","floor":11,"key":"SMITH"},{"data":"Prepared","floor":15,"key":"SMITH"},{"floor":23,"key":"REST"},{"floor":29,"key":"REST"},{"floor":32,"key":"REST"},{"floor":41,"key":"RECALL"},{"floor":46,"key":"REST"},{"floor":49,"key":"REST"}],"neow_cost":"NONE","seed_source_timestamp":1227827691533600,"circlet_count":0,"master_deck":["AscendersBane","Defend_G","Defend_G","Defend_G","Defend_G","Defend_G","Survivor","Neutralize","Calculated Gamble+1","Dash","Underhanded Strike+1","Dagger Throw","Die Die Die","Prepared+1","Distraction+1","Storm of Steel+1","Reflex+1","Prepared+1","Calculated Gamble+1","PiercingWail+1","Dodge and Roll+1","Adrenaline+1","Phantasmal Killer+1","Predator","Backflip+1","Night Terror+1","Acrobatics+1","Backflip+1","Outmaneuver+1","Blur+1","Doubt","Night Terror+1","Venomology+1"],"relics":["Ring of the Snake","FossilizedHelix","Snake Skull","HornCleat","Kunai","Toxic Egg 2","Fusion Hammer","Nloth\u0027s Gift","Smiling Mask","Lantern","MealTicket","StrikeDummy","Cursed Key","Mummified Hand","Art of War","Boot"],"potions_floor_usage":[12,12,24,30,40,47,50,51],"damage_taken":[{"damage":0,"enemies":"Cultist","floor":1,"turns":1},{"damage":0,"enemies":"2 Louse","floor":4,"turns":1},{"damage":0,"enemies":"Gremlin Nob","floor":6,"turns":1},{"damage":0,"enemies":"Small Slimes","floor":7,"turns":4},{"damage":0,"enemies":"Exordium Thugs","floor":10,"turns":6},{"damage":10,"enemies":"3 Sentries","floor":12,"turns":10},{"damage":0,"enemies":"2 Fungi Beasts","floor":13,"turns":2},{"damage":0,"enemies":"Lagavulin","floor":14,"turns":7},{"damage":25,"enemies":"The Guardian","floor":16,"turns":17},{"damage":7,"enemies":"3 Byrds","floor":18,"turns":8},{"damage":0,"enemies":"Shell Parasite","floor":20,"turns":2},{"damage":25,"enemies":"Slavers","floor":24,"turns":7},{"damage":1,"enemies":"Centurion and Healer","floor":25,"turns":7},{"damage":0,"enemies":"Snake Plant","floor":27,"turns":7},{"damage":16,"enemies":"Gremlin Leader","floor":28,"turns":6},{"damage":0,"enemies":"Snecko","floor":30,"turns":5},{"damage":28,"enemies":"Book of Stabbing","floor":31,"turns":7},{"damage":0,"enemies":"Collector","floor":33,"turns":6},{"damage":0,"enemies":"3 Darklings","floor":35,"turns":3},{"damage":0,"enemies":"Orb Walker","floor":38,"turns":2},{"damage":0,"enemies":"Nemesis","floor":40,"turns":11},{"damage":13,"enemies":"Reptomancer","floor":42,"turns":7},{"damage":0,"enemies":"Writhing Mass","floor":45,"turns":6},{"damage":0,"enemies":"Giant Head","floor":47,"turns":7},{"damage":0,"enemies":"4 Shapes","floor":48,"turns":2},{"damage":20,"enemies":"Awakened One","floor":50,"turns":31},{"damage":61,"enemies":"Time Eater","floor":51,"turns":6}],"seed_played":"-3817873131814612270","potions_obtained":[{"floor":1,"key":"Ancient Potion"},{"floor":3,"key":"Explosive Potion"},{"floor":10,"key":"Energy Potion"},{"floor":13,"key":"GamblersBrew"},{"floor":20,"key":"DistilledChaos"},{"floor":24,"key":"Ancient Potion"},{"floor":33,"key":"EssenceOfSteel"},{"floor":35,"key":"Swift Potion"},{"floor":45,"key":"FearPotion"}],"is_trial":false,"path_per_floor":["M","T","?","M","$","E","M","R","T","M","R","E","M","E","R","B",null,"M","$","M","?","$","R","E","M","T","M","E","R","M","E","R","B",null,"M","$","?","M","$","E","R","E","T","T","M","R","E","M","R","B","B"],"character_chosen":"THE_SILENT","items_purchased":["Reflex+1","Prepared+1","Fire Potion","PiercingWail+1","Acrobatics+1"],"campfire_rested":5,"item_purchase_floors":[19,19,19,22,36],"current_hp_per_floor":[59,59,59,59,59,59,59,59,59,59,59,49,49,49,49,24,56,49,49,49,49,49,66,41,40,40,40,24,43,43,15,34,34,58,58,66,66,66,66,66,66,53,53,53,53,66,66,66,66,46,0],"gold":208,"neow_bonus":"THREE_ENEMY_KILL","is_prod":false,"is_daily":false,"chose_seed":false,"campfire_upgraded":3,"win_rate":0,"timestamp":1703722734,"path_taken":["M","?","?","M","$","E","M","R","T","M","R","E","M","E","R","BOSS","M","$","?","?","?","R","E","M","T","M","E","R","M","E","R","BOSS","M","$","?","?","?","E","R","E","T","?","M","R","E","M","R","BOSS","BOSS"],"build_version":"2022-12-18","purchased_purges":4,"victory":false,"max_hp_per_floor":[66,66,66,66,66,66,66,66,66,66,66,66,66,66,66,66,66,66,66,66,66,66,66,66,66,66,66,66,66,66,66,66,66,66,66,66,66,66,66,66,66,66,66,66,66,66,66,66,66,66,66],"card_choices":[{"not_picked":["Outmaneuver","Backstab"],"picked":"Calculated Gamble","floor":1},{"not_picked":["Backflip","Distraction","Cloak And Dagger"],"picked":"SKIP","floor":4},{"not_picked":["Bouncing Flask","Slice"],"picked":"Dash","floor":6},{"not_picked":["Caltrops","Deflect"],"picked":"Underhanded Strike","floor":7},{"not_picked":["Dodge and Roll","Tactician"],"picked":"Dagger Throw","floor":10},{"not_picked":["Crippling Poison","Flying Knee"],"picked":"Die Die Die","floor":12},{"not_picked":["Predator","Sucker Punch"],"picked":"Prepared","floor":13},{"not_picked":["Skewer","Flying Knee"],"picked":"Distraction+1","floor":14},{"not_picked":["Doppelganger+1","Bullet Time+1"],"picked":"Storm of Steel+1","floor":16},{"not_picked":["Infinite Blades","Flying Knee+1","Quick Slash"],"picked":"SKIP","floor":18},{"not_picked":["Underhanded Strike+1","Poisoned Stab"],"picked":"Calculated Gamble+1","floor":20},{"not_picked":["Flechettes+1","Caltrops+1"],"picked":"Dodge and Roll+1","floor":24},{"not_picked":["All Out Attack","Deadly Poison+1"],"picked":"Adrenaline+1","floor":25},{"not_picked":["Dodge and Roll+1","Quick Slash","Underhanded Strike"],"picked":"SKIP","floor":27},{"not_picked":["Dash","Catalyst+1"],"picked":"Phantasmal Killer+1","floor":28},{"not_picked":["Riddle With Holes","Bouncing Flask+1"],"picked":"Predator","floor":30},{"not_picked":["Predator+1","Crippling Poison+1"],"picked":"Backflip+1","floor":31},{"not_picked":["Venomology+1","Phantasmal Killer+1"],"picked":"Night Terror+1","floor":33},{"not_picked":["Noxious Fumes+1","Dodge and Roll+1","Deadly Poison+1"],"picked":"SKIP","floor":35},{"not_picked":["Dodge and Roll+1","Prepared+1"],"picked":"Backflip+1","floor":38},{"not_picked":["Prepared+1","PiercingWail+1"],"picked":"Outmaneuver+1","floor":40},{"not_picked":["Envenom","Concentrate+1"],"picked":"Blur+1","floor":42},{"not_picked":["Backflip+1","Quick Slash+1"],"picked":"Night Terror+1","floor":45},{"not_picked":["Caltrops","Catalyst+1"],"picked":"Venomology+1","floor":47},{"not_picked":["Poisoned Stab","Dodge and Roll+1","Flechettes"],"picked":"SKIP","floor":48}],"player_experience":1111500,"relics_obtained":[{"floor":2,"key":"FossilizedHelix"},{"floor":6,"key":"Snake Skull"},{"floor":9,"key":"HornCleat"},{"floor":12,"key":"Kunai"},{"floor":14,"key":"Toxic Egg 2"},{"floor":24,"key":"Smiling Mask"},{"floor":26,"key":"Lantern"},{"floor":28,"key":"MealTicket"},{"floor":31,"key":"StrikeDummy"},{"floor":40,"key":"Mummified Hand"},{"floor":42,"key":"Art of War"},{"floor":47,"key":"Boot"}],"event_choices":[{"damage_healed":0,"gold_gain":0,"player_choice":"Bought 1 Potion","damage_taken":0,"max_hp_gain":0,"max_hp_loss":0,"event_name":"The Woman in Blue","floor":3,"gold_loss":0},{"damage_healed":0,"gold_gain":0,"player_choice":"Traded Relic","damage_taken":0,"relics_obtained":["Nloth\u0027s Gift"],"max_hp_gain":0,"max_hp_loss":0,"event_name":"N\u0027loth","floor":21,"relics_lost":["NeowsBlessing"],"gold_loss":0},{"cards_removed":["Strike_G"],"damage_healed":0,"gold_gain":0,"player_choice":"Offered Basic","damage_taken":0,"max_hp_gain":0,"max_hp_loss":0,"event_name":"Bonfire Elementals","floor":37,"gold_loss":0}],"is_beta":false,"boss_relics":[{"not_picked":["Velvet Choker","Coffee Dripper"],"picked":"Fusion Hammer"},{"not_picked":["Busted Crown","Runic Dome"],"picked":"Cursed Key"}],"items_purged_floors":[5,19,36,39],"is_endless":false,"potions_floor_spawned":[1,4,10,13,20,24,33,35,45,48],"killed_by":"Time Eater","ascension_level":20}