{"gold_per_floor":[116,116,141,11,31,31,83,116,116,168,200,243,243,23,23,23],"floor_reached":16,"playtime":593,"items_purged":["Strike_G","Strike_G"],"score":234,"play_id":"98221940-1ecb-4a0b-94b4-81cb39e447cd","local_time":"20231223024641","is_ascension_mode":true,"campfire_choices":[{"data":"Dagger Spray","floor":6,"key":"SMITH"},{"floor":13,"key":"REST"},{"data":"Concentrate","floor":15,"key":"SMITH"}],"neow_cost":"NONE","seed_source_timestamp":836814100770200,"circlet_count":0,"master_deck":["AscendersBane","Strike_G","Strike_G","Strike_G","Defend_G","Defend_G","Defend_G","Defend_G","Defend_G","Survivor","Neutralize","Blade Dance","Dagger Spray+1","Acrobatics","Phantasmal Killer","Footwork","Acrobatics","Terror","PiercingWail","Backflip","Concentrate+1"],"relics":["Ring of the Snake","Golden Idol","CeramicFish","Mango","Dream Catcher"],"potions_floor_usage":[7,7,10],"damage_taken":[{"damage":0,"enemies":"2 Louse","floor":1,"turns":3},{"damage":0,"enemies":"Small Slimes","floor":3,"turns":4},{"damage":6,"enemies":"Cultist","floor":5,"turns":4},{"damage":8,"enemies":"Gremlin Nob","floor":7,"turns":4},{"damage":5,"enemies":"Gremlin Gang","floor":8,"turns":3},{"damage":31,"enemies":"3 Sentries","floor":10,"turns":8},{"damage":11,"enemies":"3 Louse","floor":11,"turns":3},{"damage":10,"enemies":"Gremlin Nob","floor":12,"turns":3},{"damage":50,"enemies":"Slime Boss","floor":16,"turns":9}],"seed_played":"-2109182142621028960","potions_obtained":[{"floor":1,"key":"SpeedPotion"},{"floor":7,"key":"Regen Potion"},{"floor":11,"key":"SmokeBomb"}],"is_trial":false,"path_per_floor":["M","?","M","$","M","R","E","M","T","E","M","E","R","$","R","B"],"character_chosen":"THE_SILENT","items_purchased":["PowerPotion","Backflip","Concentrate"],"campfire_rested":1,"item_purchase_floors":[4,14,14],"current_hp_per_floor":[65,65,65,65,59,59,51,46,46,44,33,23,46,46,46,0],"gold":23,"neow_bonus":"TEN_PERCENT_HP_BONUS","is_prod":false,"is_daily":false,"chose_seed":false,"campfire_upgraded":2,"win_rate":0,"timestamp":1703328401,"path_taken":["M","?","M","$","M","R","E","M","T","E","M","E","R","$","R","BOSS"],"build_version":"2022-12-18","purchased_purges":2,"victory":false,"max_hp_per_floor":[72,65,65,65,65,65,65,65,65,79,79,79,79,79,79,79],"card_choices":[{"not_picked":["Eviscerate","Dodge and Roll"],"picked":"Blade Dance","floor":1},{"not_picked":["Backflip","Expertise"],"picked":"Dagger Spray","floor":3},{"not_picked":["Caltrops","Crippling Poison"],"picked":"Acrobatics","floor":5},{"not_picked":["Flying Knee","Deadly Poison"],"picked":"Phantasmal Killer","floor":7},{"not_picked":["Dagger Spray","Reflex"],"picked":"Footwork","floor":8},{"not_picked":["Outmaneuver","Caltrops"],"picked":"Acrobatics","floor":10},{"not_picked":["Finisher","Deflect"],"picked":"Terror","floor":11},{"not_picked":["Quick Slash","Expertise"],"picked":"PiercingWail","floor":12}],"player_experience":1050001,"relics_obtained":[{"floor":7,"key":"CeramicFish"},{"floor":10,"key":"Mango"},{"floor":12,"key":"Dream Catcher"}],"event_choices":[{"damage_healed":0,"gold_gain":0,"player_choice":"Lose Max HP","damage_taken":0,"relics_obtained":["Golden Idol"],"max_hp_gain":0,"max_hp_loss":7,"event_name":"Golden Idol","floor":2,"gold_loss":0}],"is_beta":false,"boss_relics":[],"items_purged_floors":[4,14],"is_endless":false,"potions_floor_spawned":[1,5,7,11],"killed_by":"Slime Boss","ascension_level":19}