{"gold_per_floor":[114,114,135,135,151,151,194,208,234,234,275,299,313,652,652,747,747,772,772,211,211,227,271,271,306,306,346,365,365,390,408,408,502,502,518,163,53,77,20,20,53,53,80,80,125,150,150,174,174,174,174,174,174,18,18],"floor_reached":55,"playtime":2724,"items_purged":["Strike_G","Bite"],"score":2110,"play_id":"2213bf34-daf7-4c49-ae11-48bf5852b63d","local_time":"20231229061718","is_ascension_mode":true,"campfire_choices":[{"data":"Poisoned Stab","floor":6.0,"key":"SMITH"},{"data":"Terror","floor":10.0,"key":"SMITH"},{"floor":15.0,"key":"REST"},{"data":"Acrobatics","floor":24.0,"key":"SMITH"},{"data":"Underhanded Strike","floor":29.0,"key":"SMITH"},{"data":"Burst","floor":32.0,"key":"SMITH"},{"data":"Acrobatics","floor":40.0,"key":"SMITH"},{"floor":44.0,"key":"RECALL"},{"floor":49.0,"key":"REST"},{"data":"Acrobatics","floor":53.0,"key":"SMITH"}],"neow_cost":"NONE","seed_source_timestamp":1365695865407000,"circlet_count":0,"master_deck":["AscendersBane","Defend_G","Defend_G+1","Defend_G","Defend_G","Defend_G","Survivor","Neutralize","Acrobatics+1","Eviscerate+1","Poisoned Stab+1","Terror+1","Acrobatics","Underhanded Strike+1","Acrobatics+1","Underhanded Strike","After Image","Adrenaline","Leg Sweep","Necronomicurse","Dark Shackles","Bite","Bite","Bite","Burst+1","PiercingWail","Wraith Form v2+1","Footwork+1","Eviscerate+1","Acrobatics+1","Well Laid Plans+1","Caltrops+1","Footwork+1"],"special_seed":0,"relics":["Ring of the Snake","NeowsBlessing","Golden Idol","Lantern","Potion Belt","Old Coin","HoveringKite","Necronomicon","Anchor","Regal Pillow","Nunchaku","StoneCalendar","Frozen Egg 2","Oddly Smooth Stone","SacredBark","Pen Nib","Blood Vial","CeramicFish","Ginger"],"potions_floor_usage":[55],"damage_taken":[{"damage":0.0,"enemies":"Cultist","floor":1.0,"turns":1.0},{"damage":0.0,"enemies":"Small Slimes","floor":3.0,"turns":1.0},{"damage":0.0,"enemies":"Jaw Worm","floor":5.0,"turns":1.0},{"damage":12.0,"enemies":"3 Sentries","floor":7.0,"turns":7.0},{"damage":8.0,"enemies":"Large Slime","floor":8.0,"turns":5.0},{"damage":20.0,"enemies":"Lagavulin","floor":11.0,"turns":6.0},{"damage":0.0,"enemies":"Looter","floor":12.0,"turns":1.0},{"damage":0.0,"enemies":"Exordium Thugs","floor":13.0,"turns":2.0},{"damage":0.0,"enemies":"Gremlin Nob","floor":14.0,"turns":2.0},{"damage":24.0,"enemies":"The Guardian","floor":16.0,"turns":13.0},{"damage":0.0,"enemies":"Chosen","floor":18.0,"turns":2.0},{"damage":0.0,"enemies":"2 Thieves","floor":22.0,"turns":3.0},{"damage":3.0,"enemies":"Slavers","floor":23.0,"turns":4.0},{"damage":4.0,"enemies":"Book of Stabbing","floor":25.0,"turns":4.0},{"damage":8.0,"enemies":"Gremlin Leader","floor":27.0,"turns":6.0},{"damage":0.0,"enemies":"Snecko","floor":28.0,"turns":3.0},{"damage":0.0,"enemies":"Centurion and Healer","floor":30.0,"turns":4.0},{"damage":0.0,"enemies":"Snake Plant","floor":31.0,"turns":2.0},{"damage":11.0,"enemies":"Automaton","floor":33.0,"turns":7.0},{"damage":0.0,"enemies":"Orb Walker","floor":35.0,"turns":2.0},{"damage":1.0,"enemies":"3 Shapes","floor":38.0,"turns":4.0},{"damage":20.0,"enemies":"Nemesis","floor":41.0,"turns":5.0},{"damage":0.0,"enemies":"Giant Head","floor":45.0,"turns":3.0},{"damage":0.0,"enemies":"Maw","floor":46.0,"turns":4.0},{"damage":28.0,"enemies":"Transient","floor":48.0,"turns":6.0},{"damage":28.0,"enemies":"Donu and Deca","floor":50.0,"turns":11.0},{"damage":37.0,"enemies":"Awakened One","floor":51.0,"turns":14.0},{"damage":46,"enemies":"Shield and Spear","floor":55,"turns":5}],"seed_played":"6983005940643970555","potions_obtained":[{"floor":1.0,"key":"CunningPotion"},{"floor":3.0,"key":"Swift Potion"},{"floor":11.0,"key":"PowerPotion"},{"floor":22.0,"key":"Ancient Potion"},{"floor":28.0,"key":"CunningPotion"},{"floor":30.0,"key":"Strength Potion"},{"floor":31.0,"key":"PowerPotion"},{"floor":33.0,"key":"Fruit Juice"},{"floor":35.0,"key":"SpeedPotion"},{"floor":41.0,"key":"Dexterity Potion"},{"floor":45.0,"key":"SkillPotion"}],"is_trial":false,"path_per_floor":["M","?","M","?","M","R","E","M","T","R","E","M","M","E","R","B",null,"M","?","$","?","M","E","R","E","T","E","M","R","M","M","R","B",null,"M","$","?","M","$","R","E","?","T","R","E","M","?","M","R","B","B",null,"R","$","E"],"character_chosen":"THE_SILENT","items_purchased":["AttackPotion","Anchor","Regal Pillow","Dark Shackles","Pen Nib","Footwork+1","Acrobatics","LiquidMemories","Footwork+1"],"campfire_rested":2,"item_purchase_floors":[20,20,20,20,36,36,39,54,54],"current_hp_per_floor":[59,59,59,59,59,59,47,39,39,39,19,19,19,19,37,13,48,48,27,27,27,33,36,36,38,38,36,42,42,42,42,42,34,40,42,42,42,41,41,41,24,24,24,24,40,44,44,18,48,32,7,39,39,39,0],"gold":18,"neow_bonus":"THREE_ENEMY_KILL","is_prod":false,"is_daily":false,"chose_seed":false,"campfire_upgraded":7,"win_rate":0,"timestamp":1703859438,"path_taken":["M","?","M","?","?","R","E","M","T","R","E","M","M","E","R","BOSS","M","?","$","?","M","E","R","E","T","E","M","R","M","M","R","BOSS","M","$","?","M","?","R","E","?","T","R","E","M","?","M","R","BOSS","BOSS","R","$","E"],"build_version":"2022-12-18","purchased_purges":2,"victory":false,"max_hp_per_floor":[66,60,60,60,60,60,60,60,60,60,60,60,60,60,60,60,60,60,60,60,42,42,42,42,42,42,42,42,42,42,42,42,42,42,42,42,42,42,42,42,42,40,40,40,50,50,50,50,50,50,50,50,50,50,50],"card_choices":[{"not_picked":["Noxious Fumes","Bane"],"picked":"Acrobatics","floor":1.0},{"not_picked":["Dagger Throw","Riddle With Holes"],"picked":"Eviscerate","floor":3.0},{"not_picked":["Quick Slash","Sucker Punch"],"picked":"Poisoned Stab","floor":5.0},{"not_picked":["After Image","Dagger Throw"],"picked":"Terror","floor":7.0},{"not_picked":["Deflect","Cloak And Dagger"],"picked":"Acrobatics","floor":8.0},{"not_picked":["Prepared","Slice"],"picked":"Underhanded Strike","floor":11.0},{"not_picked":["Deadly Poison","Setup"],"picked":"Acrobatics","floor":12.0},{"not_picked":["PiercingWail","Deflect"],"picked":"Underhanded Strike","floor":13.0},{"not_picked":["Flechettes","PiercingWail"],"picked":"After Image","floor":14.0},{"not_picked":["Malaise","Unload"],"picked":"Adrenaline","floor":16.0},{"not_picked":["Choke","Flechettes"],"picked":"Leg Sweep","floor":18.0},{"not_picked":["Slice","Distraction","Deflect"],"picked":"SKIP","floor":22.0},{"not_picked":["Flying Knee","Accuracy"],"picked":"Burst","floor":23.0},{"not_picked":["Masterful Stab","Blur","Dagger Throw"],"picked":"SKIP","floor":25.0},{"not_picked":["Skewer","Noxious Fumes+1","Caltrops+1"],"picked":"SKIP","floor":27.0},{"not_picked":["Prepared","Outmaneuver","Sucker Punch"],"picked":"SKIP","floor":28.0},{"not_picked":["Deflect","Sucker Punch"],"picked":"PiercingWail","floor":30.0},{"not_picked":["Quick Slash","Dagger Spray","Poisoned Stab+1"],"picked":"SKIP","floor":31.0},{"not_picked":["Envenom+1","Burst"],"picked":"Wraith Form v2+1","floor":33.0},{"not_picked":["Riddle With Holes+1","Deflect","Backstab"],"picked":"SKIP","floor":35.0},{"not_picked":["Bouncing Flask","Sucker Punch"],"picked":"Eviscerate+1","floor":38.0},{"not_picked":["Quick Slash+1","Underhanded Strike","Distraction"],"picked":"SKIP","floor":41.0},{"not_picked":["Quick Slash","Slice"],"picked":"Well Laid Plans+1","floor":45.0},{"not_picked":["Escape Plan+1","Distraction"],"picked":"Caltrops+1","floor":46.0},{"not_picked":["Well Laid Plans+1","Backflip","PiercingWail"],"picked":"SKIP","floor":48.0}],"player_experience":1130007,"relics_obtained":[{"floor":7.0,"key":"Lantern"},{"floor":11.0,"key":"Potion Belt"},{"floor":14.0,"key":"Old Coin"},{"floor":19.0,"key":"Necronomicon"},{"floor":23.0,"key":"Nunchaku"},{"floor":25.0,"key":"StoneCalendar"},{"floor":26.0,"key":"Frozen Egg 2"},{"floor":27.0,"key":"Oddly Smooth Stone"},{"floor":41.0,"key":"Blood Vial"},{"floor":43.0,"key":"CeramicFish"},{"floor":45.0,"key":"Ginger"}],"event_choices":[{"damage_healed":0.0,"max_hp_gain":0.0,"max_hp_loss":6.0,"gold_gain":0.0,"event_name":"Golden Idol","player_choice":"Lose Max HP","floor":2.0,"gold_loss":0.0,"damage_taken":0.0,"relics_obtained":["Golden Idol"]},{"damage_healed":0.0,"max_hp_gain":0.0,"max_hp_loss":0.0,"gold_gain":0.0,"event_name":"Accursed Blacksmith","player_choice":"Forge","floor":4.0,"gold_loss":0.0,"damage_taken":0.0,"cards_upgraded":["Eviscerate"]},{"damage_healed":0.0,"max_hp_gain":0.0,"max_hp_loss":0.0,"gold_gain":0.0,"event_name":"Cursed Tome","player_choice":"Obtained Book","floor":19.0,"gold_loss":0.0,"damage_taken":21.0},{"damage_healed":0.0,"max_hp_gain":0.0,"max_hp_loss":18.0,"gold_gain":0.0,"event_name":"Vampires","player_choice":"Became a vampire","floor":21.0,"gold_loss":0.0,"damage_taken":0.0,"cards_obtained":["Bite","Bite","Bite","Bite","Bite"]},{"cards_removed":["Bite"],"damage_healed":0.0,"max_hp_gain":0.0,"max_hp_loss":0.0,"gold_gain":0.0,"event_name":"Designer","player_choice":"Upgrade and Remove","floor":37.0,"gold_loss":110.0,"damage_taken":0.0,"cards_upgraded":["Defend_G"]},{"damage_healed":0.0,"max_hp_gain":0.0,"max_hp_loss":2.0,"gold_gain":0.0,"event_name":"Winding Halls","player_choice":"Max HP","floor":42.0,"gold_loss":0.0,"damage_taken":0.0},{"damage_healed":0.0,"max_hp_gain":0.0,"max_hp_loss":0.0,"gold_gain":0.0,"event_name":"Tomb of Lord Red Mask","player_choice":"Ignored","floor":47.0,"gold_loss":0.0,"damage_taken":0.0}],"is_beta":false,"boss_relics":[{"not_picked":["WristBlade","Cursed Key"],"picked":"HoveringKite"},{"not_picked":["Runic Dome","Velvet Choker"],"picked":"SacredBark"}],"items_purged_floors":[20,36],"is_endless":false,"potions_floor_spawned":[1,3,11,22,28,30,31,33,35,41,45],"killed_by":"Shield and Spear","ascension_level":20}