{"gold_per_floor":[118,130,141,29,79,113,126,126,126,144,144,20,47,59,59,138,138,158,83,99,115,115,115,125,156,156,166,177,177,17,35,35,112,112,122,133,133,49,63,93,93,93],"floor_reached":42,"playtime":1960,"items_purged":["Strike_G","Strike_G"],"score":924,"play_id":"614f1781-95ed-4ea1-ba86-43df5117f01e","local_time":"20231226225054","is_ascension_mode":true,"campfire_choices":[{"data":"Blade Dance","floor":8,"key":"SMITH"},{"data":"Blade Dance","floor":11,"key":"SMITH"},{"data":"Adrenaline","floor":15,"key":"SMITH"},{"data":"Prepared","floor":23,"key":"SMITH"},{"data":"Phantasmal Killer","floor":29,"key":"SMITH"},{"floor":32,"key":"REST"},{"floor":41,"key":"REST"}],"neow_cost":"NONE","seed_source_timestamp":1166919701705200,"circlet_count":0,"master_deck":["AscendersBane","Strike_G","Strike_G","Defend_G","Defend_G","Defend_G","Defend_G","Defend_G","Survivor","Neutralize","Blade Dance+1","Dagger Throw","Blade Dance+1","Adrenaline+1","PiercingWail","Acrobatics","Sucker Punch+1","Eviscerate+1","Poisoned Stab+1","Phantasmal Killer+1","Accuracy","Prepared+1","Blade Dance","Accuracy+1","Cloak And Dagger+1","After Image+1","After Image+1","Wraith Form v2+1"],"relics":["Ring of the Snake","Strawberry","Molten Egg 2","Lizard Tail","Cursed Key","Frozen Egg 2","DollysMirror","SacredBark","Ancient Tea Set"],"potions_floor_usage":[13,16,21,25,40,42,42,42],"damage_taken":[{"damage":2,"enemies":"2 Louse","floor":1,"turns":2},{"damage":0,"enemies":"Cultist","floor":2,"turns":3},{"damage":1,"enemies":"Small Slimes","floor":3,"turns":3},{"damage":27,"enemies":"3 Sentries","floor":6,"turns":10},{"damage":6,"enemies":"3 Louse","floor":7,"turns":4},{"damage":0,"enemies":"Looter","floor":10,"turns":2},{"damage":29,"enemies":"Lagavulin","floor":13,"turns":7},{"damage":0,"enemies":"Red Slaver","floor":14,"turns":3},{"damage":19,"enemies":"Slime Boss","floor":16,"turns":9},{"damage":7,"enemies":"Shell Parasite","floor":18,"turns":4},{"damage":4,"enemies":"Chosen","floor":20,"turns":3},{"damage":24,"enemies":"Snake Plant","floor":21,"turns":4},{"damage":13,"enemies":"Snecko","floor":24,"turns":4},{"damage":10,"enemies":"Book of Stabbing","floor":25,"turns":5},{"damage":3,"enemies":"Shelled Parasite and Fungi","floor":27,"turns":3},{"damage":0,"enemies":"Chosen and Byrds","floor":28,"turns":3},{"damage":0,"enemies":"3 Cultists","floor":31,"turns":4},{"damage":7,"enemies":"Champ","floor":33,"turns":7},{"damage":0,"enemies":"Orb Walker","floor":35,"turns":4},{"damage":0,"enemies":"3 Darklings","floor":36,"turns":4},{"damage":0,"enemies":"Jaw Worm Horde","floor":39,"turns":4},{"damage":63,"enemies":"Reptomancer","floor":40,"turns":6},{"damage":32,"enemies":"Nemesis","floor":42,"turns":8}],"seed_played":"-53914629903522985","potions_obtained":[{"floor":10,"key":"Weak Potion"},{"floor":13,"key":"PowerPotion"},{"floor":14,"key":"SpeedPotion"},{"floor":16,"key":"FearPotion"},{"floor":21,"key":"SmokeBomb"},{"floor":31,"key":"Explosive Potion"},{"floor":39,"key":"EntropicBrew"},{"floor":40,"key":"SteroidPotion"}],"is_trial":false,"path_per_floor":["M","M","M","$","?","E","M","R","T","M","R","$","E","M","R","B",null,"M","?","M","M","?","R","M","E","T","M","M","R","$","M","R","B",null,"M","M","?","$","M","E","R","E"],"character_chosen":"THE_SILENT","items_purchased":["Dash","Sucker Punch+1","DollysMirror","DuplicationPotion"],"campfire_rested":2,"item_purchase_floors":[4,12,30,38],"current_hp_per_floor":[57,57,56,56,56,36,30,30,30,30,30,30,1,1,1,35,64,57,57,53,29,44,44,31,21,21,18,18,18,18,18,39,32,63,63,63,73,73,73,10,31,0],"gold":93,"neow_bonus":"THREE_CARDS","is_prod":false,"is_daily":false,"chose_seed":false,"campfire_upgraded":5,"win_rate":0,"timestamp":1703659854,"path_taken":["M","M","M","$","?","E","?","R","T","M","R","$","E","M","R","BOSS","M","?","M","M","?","R","M","E","T","M","M","R","$","M","R","BOSS","M","M","?","$","?","E","R","E"],"build_version":"2022-12-18","purchased_purges":2,"victory":false,"max_hp_per_floor":[66,66,66,66,66,73,73,73,73,73,73,73,73,73,73,73,73,73,73,73,73,73,73,73,73,73,73,73,73,73,73,73,73,73,73,73,73,73,73,73,73,73],"card_choices":[{"not_picked":["Riddle With Holes","Flying Knee"],"picked":"Blade Dance","floor":0},{"not_picked":["PiercingWail","Infinite Blades"],"picked":"Dagger Throw","floor":1},{"not_picked":["Quick Slash","Deflect"],"picked":"Blade Dance","floor":2},{"not_picked":["Setup","Flying Knee","Dodge and Roll"],"picked":"SKIP","floor":3},{"not_picked":["Backflip","PiercingWail"],"picked":"Adrenaline","floor":6},{"not_picked":["Noxious Fumes","Slice"],"picked":"PiercingWail","floor":7},{"not_picked":["Deadly Poison","Distraction"],"picked":"Acrobatics","floor":10},{"not_picked":["Underhanded Strike+1","Backstab+1"],"picked":"Eviscerate+1","floor":13},{"not_picked":["Sucker Punch+1","Leg Sweep"],"picked":"Poisoned Stab+1","floor":14},{"not_picked":["After Image","Envenom"],"picked":"Phantasmal Killer","floor":16},{"not_picked":["Flying Knee+1","Poisoned Stab+1","Leg Sweep"],"picked":"SKIP","floor":18},{"not_picked":["All Out Attack+1","Endless Agony+1"],"picked":"Accuracy","floor":20},{"not_picked":["Blade Dance","Acrobatics"],"picked":"Prepared","floor":21},{"not_picked":["Dagger Throw+1","Deadly Poison"],"picked":"Blade Dance","floor":24},{"not_picked":["Dash+1","Prepared"],"picked":"Accuracy+1","floor":25},{"not_picked":["Poisoned Stab+1","Outmaneuver"],"picked":"Cloak And Dagger+1","floor":27},{"not_picked":["Caltrops+1","Cloak And Dagger"],"picked":"After Image+1","floor":28},{"not_picked":["Slice+1","Bouncing Flask","Tactician"],"picked":"SKIP","floor":31},{"not_picked":["Unload+1","Tools of the Trade+1"],"picked":"Wraith Form v2+1","floor":33},{"not_picked":["Dagger Spray+1","Flying Knee+1","Blade Dance"],"picked":"SKIP","floor":35},{"not_picked":["Flechettes+1","Setup+1","Dagger Throw+1"],"picked":"SKIP","floor":36},{"not_picked":["Bane+1","Sucker Punch+1","Backflip"],"picked":"SKIP","floor":39},{"not_picked":["Masterful Stab+1","Sucker Punch+1","Riddle With Holes+1"],"picked":"SKIP","floor":40}],"player_experience":1102677,"relics_obtained":[{"floor":6,"key":"Strawberry"},{"floor":9,"key":"Molten Egg 2"},{"floor":13,"key":"Lizard Tail"},{"floor":25,"key":"Frozen Egg 2"},{"floor":40,"key":"Ancient Tea Set"}],"event_choices":[{"damage_healed":0,"gold_gain":50,"player_choice":"Pray","damage_taken":0,"max_hp_gain":0,"max_hp_loss":0,"event_name":"Golden Shrine","floor":5,"gold_loss":0},{"cards_removed":["Strike_G"],"damage_healed":0,"gold_gain":0,"player_choice":"Gave Gold","damage_taken":0,"max_hp_gain":0,"max_hp_loss":0,"event_name":"Beggar","floor":19,"gold_loss":75},{"damage_healed":15,"gold_gain":0,"player_choice":"Heal","damage_taken":0,"max_hp_gain":0,"max_hp_loss":0,"event_name":"The Library","floor":22,"gold_loss":0},{"cards_removed":["Dash"],"damage_healed":10,"gold_gain":0,"player_choice":"Offered Uncommon","damage_taken":0,"max_hp_gain":0,"max_hp_loss":0,"event_name":"Bonfire Elementals","floor":37,"gold_loss":0}],"is_beta":false,"boss_relics":[{"not_picked":["Philosopher\u0027s Stone","Tiny House"],"picked":"Cursed Key"},{"not_picked":["Snecko Eye","Calling Bell"],"picked":"SacredBark"}],"items_purged_floors":[4,12],"is_endless":false,"potions_floor_spawned":[10,13,14,16,20,21,31,39,40],"killed_by":"Nemesis","ascension_level":20}