{"gold_per_floor":[368,368,379,117,136,165,191,7,7,27,59,59,84,84,84,84],"floor_reached":16,"playtime":681,"items_purged":["Strike_G","Strike_G"],"score":236,"play_id":"9258fbbe-3a89-46f0-b549-9627a52e7ecd","local_time":"20231227163450","is_ascension_mode":true,"campfire_choices":[{"data":"Calculated Gamble","floor":12,"key":"SMITH"},{"floor":15,"key":"REST"}],"neow_cost":"CURSE","seed_source_timestamp":1232030080687400,"circlet_count":0,"master_deck":["AscendersBane","Strike_G","Strike_G","Strike_G","Defend_G","Defend_G","Defend_G","Defend_G","Defend_G","Survivor","Neutralize","Endless Agony","Slice","After Image","Quick Slash","Calculated Gamble+1","Reflex","Terror","Adrenaline"],"relics":["Ring of the Snake","Pear","Odd Mushroom","Lantern","Paper Crane","Ginger"],"potions_floor_usage":[6,6,11,11,13],"damage_taken":[{"damage":1,"enemies":"Cultist","floor":1,"turns":5},{"damage":2,"enemies":"Small Slimes","floor":3,"turns":4},{"damage":0,"enemies":"2 Louse","floor":5,"turns":3},{"damage":5,"enemies":"3 Sentries","floor":6,"turns":8},{"damage":9,"enemies":"The Mushroom Lair","floor":7,"turns":6},{"damage":2,"enemies":"Blue Slaver","floor":10,"turns":3},{"damage":21,"enemies":"Gremlin Nob","floor":11,"turns":4},{"damage":26,"enemies":"3 Sentries","floor":13,"turns":22},{"damage":38,"enemies":"Slime Boss","floor":16,"turns":5}],"seed_played":"-3640946164285073344","potions_obtained":[{"floor":3,"key":"ColorlessPotion"},{"floor":6,"key":"Poison Potion"},{"floor":7,"key":"LiquidMemories"},{"floor":11,"key":"SkillPotion"}],"is_trial":false,"path_per_floor":["M","?","M","$","M","E","?","$","T","M","E","R","E","?","R","B"],"character_chosen":"THE_SILENT","items_purchased":["Fire Potion","After Image","Quick Slash","Terror"],"campfire_rested":1,"item_purchase_floors":[4,4,4,8],"current_hp_per_floor":[58,58,56,56,56,61,52,52,52,50,29,29,3,3,25,0],"gold":84,"neow_bonus":"TWO_FIFTY_GOLD","is_prod":false,"is_daily":false,"chose_seed":false,"campfire_upgraded":1,"win_rate":0,"timestamp":1703723690,"path_taken":["M","?","M","$","M","E","?","$","T","M","E","R","E","?","R","BOSS"],"build_version":"2022-12-18","purchased_purges":2,"victory":false,"max_hp_per_floor":[66,66,66,66,66,76,76,76,76,76,76,76,76,76,76,76],"card_choices":[{"not_picked":["Dodge and Roll","Dagger Spray"],"picked":"Endless Agony","floor":1},{"not_picked":["Bane","Quick Slash"],"picked":"Slice","floor":3},{"not_picked":["Flechettes","Crippling Poison","Quick Slash"],"picked":"SKIP","floor":5},{"not_picked":["Deadly Poison","Wraith Form v2"],"picked":"Calculated Gamble","floor":6},{"not_picked":["Slice","Quick Slash"],"picked":"Reflex","floor":7},{"not_picked":["Sucker Punch","Deflect","Deadly Poison"],"picked":"SKIP","floor":10},{"not_picked":["Distraction","Bane"],"picked":"Adrenaline","floor":11},{"not_picked":["Terror","Distraction","Flying Knee"],"picked":"SKIP","floor":13}],"player_experience":1115417,"relics_obtained":[{"floor":6,"key":"Pear"},{"floor":7,"key":"Odd Mushroom"},{"floor":9,"key":"Lantern"},{"floor":11,"key":"Paper Crane"},{"floor":13,"key":"Ginger"}],"event_choices":[{"cards_removed":["Doubt"],"damage_healed":0,"gold_gain":0,"player_choice":"Forget","damage_taken":0,"max_hp_gain":0,"max_hp_loss":0,"event_name":"Living Wall","floor":2,"gold_loss":0},{"damage_healed":0,"gold_gain":0,"player_choice":"Fought Mushrooms","damage_taken":0,"max_hp_gain":0,"max_hp_loss":0,"event_name":"Mushrooms","floor":7,"gold_loss":0},{"damage_healed":0,"gold_gain":0,"player_choice":"Ignored","damage_taken":0,"max_hp_gain":0,"max_hp_loss":0,"event_name":"Shining Light","floor":14,"gold_loss":0}],"is_beta":false,"boss_relics":[],"items_purged_floors":[4,8],"is_endless":false,"potions_floor_spawned":[3,6,7,11],"killed_by":"Slime Boss","ascension_level":20}