{"gold_per_floor":[115,135,149,149,59,84,9,23,23,56,56,74,74],"floor_reached":13,"playtime":350,"items_purged":["Strike_G"],"score":190,"play_id":"d2a9c49e-6afc-42f1-998a-76adb4a2a730","local_time":"20231229052955","is_ascension_mode":true,"campfire_choices":[{"data":"Calculated Gamble","floor":11,"key":"SMITH"}],"neow_cost":"NONE","seed_source_timestamp":1365208566238000,"circlet_count":0,"master_deck":["AscendersBane","Strike_G","Strike_G","Strike_G","Strike_G","Defend_G","Defend_G","Defend_G","Defend_G","Defend_G+1","Survivor","Neutralize","Eviscerate","Dagger Spray","Backflip+1","Calculated Gamble","Dagger Throw","Calculated Gamble+1","Acrobatics"],"special_seed":0,"relics":["Ring of the Snake","NeowsBlessing","Singing Bowl","Prayer Wheel","Ginger"],"potions_floor_usage":[10],"damage_taken":[{"damage":0.0,"enemies":"Cultist","floor":1.0,"turns":1.0},{"damage":0.0,"enemies":"Small Slimes","floor":2.0,"turns":1.0},{"damage":0.0,"enemies":"Jaw Worm","floor":3.0,"turns":1.0},{"damage":3.0,"enemies":"3 Sentries","floor":6.0,"turns":5.0},{"damage":0.0,"enemies":"2 Fungi Beasts","floor":8.0,"turns":5.0},{"damage":24,"enemies":"Gremlin Nob","floor":10,"turns":4},{"damage":10,"enemies":"Lots of Slimes","floor":12,"turns":4},{"damage":7,"enemies":"3 Sentries","floor":13,"turns":2}],"seed_played":"-2907275408942773914","potions_obtained":[{"floor":1.0,"key":"Dexterity Potion"},{"floor":3.0,"key":"LiquidBronze"},{"floor":8.0,"key":"LiquidBronze"}],"is_trial":false,"path_per_floor":["M","M","M","?","$","E","$","M","T","E","R","M","E"],"character_chosen":"THE_SILENT","items_purchased":["Calculated Gamble"],"campfire_rested":0,"item_purchase_floors":[5],"current_hp_per_floor":[59,59,59,39,39,36,36,36,36,14,14,6,0],"gold":74,"neow_bonus":"THREE_ENEMY_KILL","is_prod":false,"is_daily":false,"chose_seed":false,"campfire_upgraded":1,"win_rate":0,"timestamp":1703856595,"path_taken":["M","?","M","?","$","E","$","M","T","E","R","M","E"],"build_version":"2022-12-18","purchased_purges":1,"victory":false,"max_hp_per_floor":[66,66,66,66,66,66,66,66,66,68,68,70,70],"card_choices":[{"not_picked":["Skewer","Underhanded Strike"],"picked":"Eviscerate","floor":1.0},{"not_picked":["Backflip","Bane"],"picked":"Dagger Spray","floor":2.0},{"not_picked":["Choke","Underhanded Strike"],"picked":"Backflip","floor":3.0},{"not_picked":["Reflex","Acrobatics"],"picked":"Dagger Throw","floor":6.0},{"not_picked":["Venomology","Leg Sweep"],"picked":"Calculated Gamble","floor":8.0},{"not_picked":["Bouncing Flask","Calculated Gamble","Backflip"],"picked":"Singing Bowl","floor":10},{"not_picked":["Noxious Fumes","Deflect","All Out Attack"],"picked":"Singing Bowl","floor":12},{"not_picked":["Blade Dance","Deflect"],"picked":"Acrobatics","floor":12}],"player_experience":1129657,"relics_obtained":[{"floor":6.0,"key":"Singing Bowl"},{"floor":9.0,"key":"Prayer Wheel"},{"floor":10,"key":"Ginger"}],"event_choices":[{"damage_healed":0.0,"max_hp_gain":0.0,"max_hp_loss":0.0,"gold_gain":0.0,"event_name":"Shining Light","player_choice":"Entered Light","floor":4.0,"gold_loss":0.0,"damage_taken":20.0,"cards_upgraded":["Defend_G","Backflip"]}],"is_beta":false,"boss_relics":[],"items_purged_floors":[7],"is_endless":false,"potions_floor_spawned":[1,3,8],"killed_by":"3 Sentries","ascension_level":20}