{"gold_per_floor":[114,114,27,37,49,49,60,93,93,93],"floor_reached":10,"playtime":350,"items_purged":[],"score":133,"play_id":"0b3b4ab5-1f37-484d-abc8-97e09343e439","local_time":"20231223022819","is_ascension_mode":true,"campfire_choices":[{"data":"Blade Dance","floor":6,"key":"SMITH"}],"neow_cost":"CURSE","seed_source_timestamp":835954978793400,"circlet_count":0,"master_deck":["AscendersBane","Strike_G","Strike_G","Strike_G","Strike_G","Strike_G","Defend_G","Defend_G","Defend_G","Defend_G","Defend_G","Survivor","Neutralize","Writhe","Prepared","Terror","Deadly Poison","Blade Dance+1","PiercingWail"],"relics":["Ring of the Snake","CaptainsWheel","Strawberry","MealTicket"],"potions_floor_usage":[7,8,8],"damage_taken":[{"damage":0,"enemies":"Cultist","floor":1,"turns":4},{"damage":2,"enemies":"Small Slimes","floor":4,"turns":3},{"damage":1,"enemies":"2 Louse","floor":5,"turns":4},{"damage":13,"enemies":"Exordium Thugs","floor":7,"turns":5},{"damage":26,"enemies":"3 Sentries","floor":8,"turns":12},{"damage":25,"enemies":"Gremlin Nob","floor":10,"turns":3}],"seed_played":"8769192807835671422","potions_obtained":[{"floor":1,"key":"Dexterity Potion"},{"floor":2,"key":"Energy Potion"},{"floor":7,"key":"Swift Potion"}],"is_trial":false,"path_per_floor":["M","?","$","M","M","R","M","E","T","E"],"character_chosen":"THE_SILENT","items_purchased":["Terror"],"campfire_rested":0,"item_purchase_floors":[3],"current_hp_per_floor":[59,59,59,57,56,56,43,24,24,0],"gold":93,"neow_bonus":"ONE_RARE_RELIC","is_prod":false,"is_daily":false,"chose_seed":false,"campfire_upgraded":1,"win_rate":0,"timestamp":1703327299,"path_taken":["M","?","$","M","M","R","?","E","T","E"],"build_version":"2022-12-18","purchased_purges":0,"victory":false,"max_hp_per_floor":[66,66,66,66,66,66,66,73,73,73],"card_choices":[{"not_picked":["Quick Slash","Infinite Blades"],"picked":"Prepared","floor":1},{"not_picked":["Infinite Blades","Cloak And Dagger"],"picked":"Deadly Poison","floor":4},{"not_picked":["Heel Hook","Cloak And Dagger"],"picked":"Blade Dance","floor":5},{"not_picked":["Sucker Punch","Dodge and Roll","Terror"],"picked":"SKIP","floor":7},{"not_picked":["A Thousand Cuts","Dodge and Roll"],"picked":"PiercingWail","floor":8}],"player_experience":1049281,"relics_obtained":[{"floor":8,"key":"Strawberry"},{"floor":9,"key":"MealTicket"}],"event_choices":[{"damage_healed":0,"gold_gain":0,"player_choice":"Got Potions","damage_taken":0,"max_hp_gain":0,"max_hp_loss":0,"event_name":"Lab","floor":2,"gold_loss":0}],"is_beta":false,"boss_relics":[],"items_purged_floors":[],"is_endless":false,"potions_floor_spawned":[1,7],"killed_by":"Gremlin Nob","ascension_level":19}