{"gold_per_floor":[17,17,36,54,68,68,96,96,119,101,143,157,157,199,199,199],"floor_reached":16,"playtime":844,"items_purged":[],"score":244,"play_id":"d0f3cc5f-41fb-467e-9e4b-7323cf575187","local_time":"20231226211921","is_ascension_mode":true,"campfire_choices":[{"data":"Dagger Throw","floor":6,"key":"SMITH"},{"data":"Terror","floor":13,"key":"SMITH"},{"floor":15,"key":"REST"}],"neow_cost":"NO_GOLD","seed_source_timestamp":1162528216240400,"circlet_count":0,"master_deck":["AscendersBane","Strike_G","Strike_G","Strike_G","Strike_G","Defend_G","Defend_G","Defend_G","Defend_G","Defend_G","Survivor","Neutralize","Thinking Ahead","Terror+1","Concentrate","PiercingWail","Dagger Throw+1","Underhanded Strike","Dash","Dagger Throw","Endless Agony","Die Die Die"],"relics":["Ring of the Snake","Snake Skull","CeramicFish","Blood Vial","Orichalcum","Singing Bowl"],"potions_floor_usage":[7,11,11,16],"damage_taken":[{"damage":2,"enemies":"2 Louse","floor":1,"turns":6},{"damage":0,"enemies":"Jaw Worm","floor":3,"turns":6},{"damage":5,"enemies":"Small Slimes","floor":4,"turns":4},{"damage":6,"enemies":"2 Fungi Beasts","floor":5,"turns":6},{"damage":17,"enemies":"3 Sentries","floor":7,"turns":6},{"damage":1,"enemies":"Exordium Thugs","floor":10,"turns":4},{"damage":14,"enemies":"Lagavulin","floor":11,"turns":8},{"damage":0,"enemies":"3 Louse","floor":12,"turns":4},{"damage":11,"enemies":"3 Sentries","floor":14,"turns":9},{"damage":37,"enemies":"Slime Boss","floor":16,"turns":8}],"seed_played":"-5149417466584749823","potions_obtained":[{"floor":1,"key":"ColorlessPotion"},{"floor":4,"key":"PowerPotion"},{"floor":10,"key":"Block Potion"},{"floor":14,"key":"Weak Potion"}],"is_trial":false,"path_per_floor":["M","?","M","M","M","R","E","?","T","M","E","M","R","E","R","B"],"character_chosen":"THE_SILENT","items_purchased":[],"campfire_rested":1,"item_purchase_floors":[],"current_hp_per_floor":[57,57,57,52,46,46,29,29,29,30,18,20,20,11,30,0],"gold":199,"neow_bonus":"RANDOM_COLORLESS_2","is_prod":false,"is_daily":false,"chose_seed":false,"campfire_upgraded":2,"win_rate":0,"timestamp":1703654361,"path_taken":["M","?","M","M","M","R","E","?","T","M","E","M","R","E","R","BOSS"],"build_version":"2022-12-18","purchased_purges":0,"victory":false,"max_hp_per_floor":[66,66,66,66,66,66,66,66,66,66,66,66,66,66,66,66],"card_choices":[{"not_picked":["Secret Weapon","Transmutation"],"picked":"Thinking Ahead","floor":0},{"not_picked":["Finisher","Slice"],"picked":"Terror","floor":1},{"not_picked":["Outmaneuver","Deflect"],"picked":"PiercingWail","floor":3},{"not_picked":["Malaise","Poisoned Stab"],"picked":"Dagger Throw","floor":4},{"not_picked":["Accuracy","Quick Slash"],"picked":"Underhanded Strike","floor":5},{"not_picked":["Expertise","PiercingWail"],"picked":"Dash","floor":7},{"not_picked":["Flying Knee","Underhanded Strike"],"picked":"Dagger Throw","floor":10},{"not_picked":["Cloak And Dagger","Bane"],"picked":"Endless Agony","floor":11},{"not_picked":["Catalyst","Flying Knee","Dodge and Roll"],"picked":"SKIP","floor":12},{"not_picked":["Deflect","Prepared"],"picked":"Die Die Die","floor":14}],"player_experience":1101833,"relics_obtained":[{"floor":7,"key":"Snake Skull"},{"floor":9,"key":"Blood Vial"},{"floor":11,"key":"Orichalcum"},{"floor":14,"key":"Singing Bowl"}],"event_choices":[{"damage_healed":0,"gold_gain":0,"cards_transformed":["Strike_G"],"player_choice":"Change","damage_taken":0,"max_hp_gain":0,"max_hp_loss":0,"event_name":"Living Wall","floor":2,"gold_loss":0,"cards_obtained":["Concentrate"]},{"damage_healed":0,"gold_gain":0,"player_choice":"Searched \u00271\u0027 times","damage_taken":0,"relics_obtained":["CeramicFish"],"max_hp_gain":0,"max_hp_loss":0,"event_name":"Dead Adventurer","floor":8,"gold_loss":0}],"is_beta":false,"boss_relics":[],"items_purged_floors":[],"is_endless":false,"potions_floor_spawned":[1,4,10,14],"killed_by":"Slime Boss","ascension_level":20}