{"gold_per_floor":[14,25,43,63,83,108,108,108,108,108,141,171,191,217,217,217],"floor_reached":16,"playtime":835,"items_purged":[],"score":244,"play_id":"467aefeb-90dd-4f88-b9cf-cf6f250932e3","local_time":"20231228123615","is_ascension_mode":true,"campfire_choices":[{"data":"Blade Dance","floor":7,"key":"SMITH"},{"floor":10,"key":"REST"},{"floor":15,"key":"REST"}],"neow_cost":"NO_GOLD","seed_source_timestamp":1303971678776700,"circlet_count":0,"master_deck":["AscendersBane","Strike_G+1","Strike_G","Strike_G+1","Strike_G+1","Defend_G","Defend_G+1","Defend_G","Defend_G","Survivor","Neutralize","Blade Dance","Blade Dance+1","Dagger Throw","Footwork","Backstab","Leg Sweep","Acrobatics","Backflip"],"relics":["Ring of the Snake","The Courier","Oddly Smooth Stone","Whetstone","Odd Mushroom","Mummified Hand"],"potions_floor_usage":[6,11,14],"damage_taken":[{"damage":8,"enemies":"Cultist","floor":1,"turns":7},{"damage":0,"enemies":"Small Slimes","floor":2,"turns":3},{"damage":0,"enemies":"2 Louse","floor":3,"turns":3},{"damage":5,"enemies":"Exordium Wildlife","floor":4,"turns":5},{"damage":8,"enemies":"3 Louse","floor":5,"turns":3},{"damage":21,"enemies":"3 Sentries","floor":6,"turns":10},{"damage":8,"enemies":"Gremlin Nob","floor":11,"turns":3},{"damage":1,"enemies":"The Mushroom Lair","floor":12,"turns":4},{"damage":0,"enemies":"Red Slaver","floor":13,"turns":2},{"damage":20,"enemies":"Lagavulin","floor":14,"turns":5},{"damage":21,"enemies":"The Guardian","floor":16,"turns":12}],"seed_played":"-157657231085320893","potions_obtained":[{"floor":3,"key":"Regen Potion"},{"floor":6,"key":"CunningPotion"},{"floor":11,"key":"Poison Potion"},{"floor":14,"key":"Poison Potion"}],"is_trial":false,"path_per_floor":["M","M","M","M","M","E","R","?","T","R","E","?","M","E","R","B"],"character_chosen":"THE_SILENT","items_purchased":[],"campfire_rested":2,"item_purchase_floors":[],"current_hp_per_floor":[51,51,51,46,38,32,32,12,12,31,23,22,22,2,21,0],"gold":217,"neow_bonus":"REMOVE_TWO","is_prod":false,"is_daily":false,"chose_seed":false,"campfire_upgraded":1,"win_rate":0,"timestamp":1703795775,"path_taken":["M","?","M","M","M","E","R","?","T","R","E","?","M","E","R","BOSS"],"build_version":"2022-12-18","purchased_purges":0,"victory":false,"max_hp_per_floor":[66,66,66,66,66,66,66,66,66,66,66,66,66,66,66,66],"card_choices":[{"not_picked":["Slice","Deadly Poison"],"picked":"Blade Dance","floor":1},{"not_picked":["Backflip","Choke"],"picked":"Blade Dance","floor":2},{"not_picked":["Footwork","Slice"],"picked":"Dagger Throw","floor":3},{"not_picked":["Dagger Throw","Quick Slash"],"picked":"Footwork","floor":4},{"not_picked":["Slice","Bane"],"picked":"Backstab","floor":5},{"not_picked":["Storm of Steel","Footwork"],"picked":"Leg Sweep","floor":6},{"not_picked":["Quick Slash","Deadly Poison","Backstab"],"picked":"SKIP","floor":11},{"not_picked":["Caltrops","Slice"],"picked":"Acrobatics","floor":13},{"not_picked":["Bane","Flechettes"],"picked":"Backflip","floor":14}],"player_experience":1120320,"relics_obtained":[{"floor":6,"key":"The Courier"},{"floor":9,"key":"Oddly Smooth Stone"},{"floor":11,"key":"Whetstone"},{"floor":12,"key":"Odd Mushroom"},{"floor":14,"key":"Mummified Hand"}],"event_choices":[{"damage_healed":0,"gold_gain":0,"player_choice":"Entered Light","damage_taken":20,"max_hp_gain":0,"max_hp_loss":0,"event_name":"Shining Light","floor":8,"gold_loss":0,"cards_upgraded":["Defend_G","Strike_G"]},{"damage_healed":0,"gold_gain":0,"player_choice":"Fought Mushrooms","damage_taken":0,"max_hp_gain":0,"max_hp_loss":0,"event_name":"Mushrooms","floor":12,"gold_loss":0}],"is_beta":false,"boss_relics":[],"items_purged_floors":[],"is_endless":false,"potions_floor_spawned":[3,6,11,14],"killed_by":"The Guardian","ascension_level":20}