{"gold_per_floor":[109,119,44,94,105,105,124,157,157,172,172,200,200,200],"floor_reached":14,"playtime":309,"items_purged":["Strike_G"],"score":180,"play_id":"413098d0-71f7-4207-abf9-9e72552ffc4a","local_time":"20231229114134","is_ascension_mode":true,"campfire_choices":[{"data":"All Out Attack","floor":6,"key":"SMITH"},{"data":"Flechettes","floor":11,"key":"SMITH"}],"neow_cost":"NONE","seed_source_timestamp":1387623104704400,"circlet_count":0,"master_deck":["AscendersBane","Strike_G","Strike_G","Strike_G","Strike_G","Defend_G","Defend_G","Defend_G","Defend_G","Defend_G","Survivor","Neutralize","All Out Attack+1","Leg Sweep","Flechettes+1","Slice","Endless Agony+1","Sucker Punch+1"],"relics":["Ring of the Snake","NeowsBlessing","Peace Pipe","Molten Egg 2","Odd Mushroom","Question Card"],"potions_floor_usage":[8,14],"damage_taken":[{"damage":0,"enemies":"2 Louse","floor":1,"turns":1},{"damage":0,"enemies":"Cultist","floor":2,"turns":1},{"damage":0,"enemies":"Small Slimes","floor":5,"turns":1},{"damage":3,"enemies":"Looter","floor":7,"turns":4},{"damage":32,"enemies":"Gremlin Nob","floor":8,"turns":4},{"damage":1,"enemies":"2 Fungi Beasts","floor":10,"turns":2},{"damage":10,"enemies":"The Mushroom Lair","floor":12,"turns":3},{"damage":19,"enemies":"Lagavulin","floor":14,"turns":6}],"seed_played":"-7440220255787785029","potions_obtained":[{"floor":5,"key":"AttackPotion"},{"floor":8,"key":"SteroidPotion"}],"is_trial":false,"path_per_floor":["M","M","$","?","M","R","M","E","T","M","R","?","?","E"],"character_chosen":"THE_SILENT","items_purchased":[],"campfire_rested":0,"item_purchase_floors":[],"current_hp_per_floor":[59,59,59,59,59,59,56,24,24,23,23,13,13,0],"gold":200,"neow_bonus":"THREE_ENEMY_KILL","is_prod":false,"is_daily":false,"chose_seed":false,"campfire_upgraded":2,"win_rate":0,"timestamp":1703878894,"path_taken":["M","M","$","?","?","R","M","E","T","M","R","?","?","E"],"build_version":"2022-12-18","purchased_purges":1,"victory":false,"max_hp_per_floor":[66,66,66,66,66,66,66,66,66,66,66,66,66,66],"card_choices":[{"not_picked":["Cloak And Dagger","Dagger Spray"],"picked":"All Out Attack","floor":1},{"not_picked":["Dodge and Roll","Distraction","Sucker Punch"],"picked":"SKIP","floor":2},{"not_picked":["Dagger Spray","Catalyst"],"picked":"Leg Sweep","floor":5},{"not_picked":["Dagger Spray","Prepared"],"picked":"Flechettes","floor":7},{"not_picked":["Outmaneuver","Sucker Punch"],"picked":"Slice","floor":8},{"not_picked":["Skewer+1","Prepared"],"picked":"Endless Agony+1","floor":10},{"not_picked":["Accuracy","Infinite Blades"],"picked":"Sucker Punch+1","floor":12}],"player_experience":1132731,"relics_obtained":[{"floor":8,"key":"Peace Pipe"},{"floor":9,"key":"Molten Egg 2"},{"floor":12,"key":"Odd Mushroom"}],"event_choices":[{"damage_healed":0,"gold_gain":50,"player_choice":"Pray","damage_taken":0,"max_hp_gain":0,"max_hp_loss":0,"event_name":"Golden Shrine","floor":4,"gold_loss":0},{"damage_healed":0,"gold_gain":0,"player_choice":"Fought Mushrooms","damage_taken":0,"max_hp_gain":0,"max_hp_loss":0,"event_name":"Mushrooms","floor":12,"gold_loss":0},{"damage_healed":0,"gold_gain":0,"player_choice":"Searched \u00271\u0027 times","damage_taken":0,"relics_obtained":["Question Card"],"max_hp_gain":0,"max_hp_loss":0,"event_name":"Dead Adventurer","floor":13,"gold_loss":0}],"is_beta":false,"boss_relics":[],"items_purged_floors":[3],"is_endless":false,"potions_floor_spawned":[5,8],"killed_by":"Lagavulin","ascension_level":20}