{"gold_per_floor":[113,113,126,142,154,154,184,184,184,209,209,220,238,270,270,344,344,360,17,32,32,32,65,65],"floor_reached":24,"playtime":931,"items_purged":["Strike_G"],"score":472,"play_id":"641088d0-380f-4d3d-958d-a401313a3835","local_time":"20231228122207","is_ascension_mode":true,"campfire_choices":[{"data":"Dagger Spray","floor":6.0,"key":"SMITH"},{"data":"Blade Dance","floor":8.0,"key":"SMITH"},{"data":"Predator","floor":11.0,"key":"SMITH"},{"data":"Malaise","floor":15.0,"key":"SMITH"}],"neow_cost":"TEN_PERCENT_HP_LOSS","seed_source_timestamp":0,"circlet_count":0,"master_deck":["AscendersBane","Strike_G","Strike_G","Strike_G","Defend_G","Defend_G","Defend_G","Defend_G","Survivor","Neutralize+1","Slice","Blade Dance+1","Dagger Spray+1","Dagger Throw","Predator+1","Malaise+1","Deadly Poison","Wraith Form v2","Die Die Die"],"special_seed":0,"relics":["Ring of the Snake","StrikeDummy","Torii","Bottled Lightning","SacredBark","Paper Crane","Nloth\u0027s Gift","Tiny Chest"],"potions_floor_usage":[23],"damage_taken":[{"damage":3.0,"enemies":"Jaw Worm","floor":1.0,"turns":5.0},{"damage":0.0,"enemies":"Cultist","floor":3.0,"turns":4.0},{"damage":0.0,"enemies":"2 Louse","floor":4.0,"turns":3.0},{"damage":0.0,"enemies":"Exordium Wildlife","floor":5.0,"turns":3.0},{"damage":8.0,"enemies":"Gremlin Nob","floor":7.0,"turns":3.0},{"damage":5.0,"enemies":"3 Sentries","floor":10.0,"turns":5.0},{"damage":1.0,"enemies":"Looter","floor":12.0,"turns":2.0},{"damage":1.0,"enemies":"Red Slaver","floor":13.0,"turns":2.0},{"damage":8.0,"enemies":"Lagavulin","floor":14.0,"turns":5.0},{"damage":7.0,"enemies":"The Guardian","floor":16.0,"turns":12.0},{"damage":8.0,"enemies":"Chosen","floor":18.0,"turns":4.0},{"damage":4.0,"enemies":"Shell Parasite","floor":20.0,"turns":5.0},{"damage":19,"enemies":"Slavers","floor":23,"turns":7},{"damage":22,"enemies":"Sentry and Sphere","floor":24,"turns":3}],"seed_played":"-126335501296839208","potions_obtained":[{"floor":3.0,"key":"SkillPotion"},{"floor":4.0,"key":"CunningPotion"},{"floor":12.0,"key":"FearPotion"},{"floor":13.0,"key":"Fire Potion"}],"is_trial":false,"path_per_floor":["M","?","M","M","M","R","E","R","T","E","R","M","M","E","R","B",null,"M","$","M","?","?","E","M"],"character_chosen":"THE_SILENT","items_purchased":["Paper Crane"],"campfire_rested":0,"item_purchase_floors":[19],"current_hp_per_floor":[56,56,56,56,56,56,48,48,48,43,43,42,41,33,33,26,52,44,44,40,40,40,21,0],"gold":65,"neow_bonus":"REMOVE_TWO","is_prod":false,"is_daily":false,"chose_seed":false,"campfire_upgraded":4,"win_rate":0,"timestamp":1703794927,"path_taken":["M","?","M","M","M","R","E","R","T","E","R","M","M","E","R","BOSS","M","$","M","?","?","E","M"],"build_version":"2022-12-18","purchased_purges":1,"victory":false,"max_hp_per_floor":[60,60,60,60,60,60,60,60,60,60,60,60,60,60,60,60,60,60,60,60,60,60,60,60],"card_choices":[{"not_picked":["Escape Plan","Deflect"],"picked":"Slice","floor":1.0},{"not_picked":["Flying Knee","Catalyst"],"picked":"Blade Dance","floor":3.0},{"not_picked":["Choke","Endless Agony"],"picked":"Dagger Spray","floor":4.0},{"not_picked":["Caltrops","Riddle With Holes","Cloak And Dagger"],"picked":"SKIP","floor":5.0},{"not_picked":["Predator","Bane"],"picked":"Dagger Throw","floor":7.0},{"not_picked":["Predator","Outmaneuver","Dodge and Roll"],"picked":"SKIP","floor":10.0},{"not_picked":["Outmaneuver","Dodge and Roll"],"picked":"Predator","floor":10.0},{"not_picked":["Masterful Stab","Predator","Poisoned Stab"],"picked":"SKIP","floor":12.0},{"not_picked":["Outmaneuver","Flying Knee"],"picked":"Malaise","floor":13.0},{"not_picked":["Outmaneuver","Sucker Punch"],"picked":"Deadly Poison","floor":14.0},{"not_picked":["Die Die Die","Bullet Time"],"picked":"Wraith Form v2","floor":16.0},{"not_picked":["Dash","Underhanded Strike","Bane"],"picked":"SKIP","floor":18.0},{"not_picked":["Distraction","Bane","Underhanded Strike"],"picked":"SKIP","floor":20.0},{"not_picked":["Wraith Form v2","Dagger Spray"],"picked":"Die Die Die","floor":23}],"player_experience":1119389,"relics_obtained":[{"floor":7.0,"key":"StrikeDummy"},{"floor":9.0,"key":"Unceasing Top"},{"floor":10.0,"key":"Torii"},{"floor":14.0,"key":"Bottled Lightning"},{"floor":23,"key":"Tiny Chest"}],"event_choices":[{"damage_healed":0.0,"max_hp_gain":0.0,"max_hp_loss":0.0,"gold_gain":0.0,"event_name":"Upgrade Shrine","player_choice":"Upgraded","floor":2.0,"gold_loss":0.0,"damage_taken":0.0,"cards_upgraded":["Neutralize"]},{"damage_healed":0.0,"max_hp_gain":0.0,"max_hp_loss":0.0,"gold_gain":0.0,"event_name":"Cursed Tome","player_choice":"Ignored","floor":21.0,"gold_loss":0.0,"damage_taken":0.0},{"damage_healed":0,"gold_gain":0,"player_choice":"Traded Relic","damage_taken":0,"relics_obtained":["Nloth\u0027s Gift"],"max_hp_gain":0,"max_hp_loss":0,"event_name":"N\u0027loth","floor":22,"relics_lost":["Unceasing Top"],"gold_loss":0}],"is_beta":false,"boss_relics":[{"not_picked":["Empty Cage","Ring of the Serpent"],"picked":"SacredBark"}],"items_purged_floors":[19],"is_endless":false,"potions_floor_spawned":[3,4,12,13,16],"killed_by":"Sentry and Sphere","ascension_level":20}