{"gold_per_floor":[219,234,250,96,114,114,145,159,159,2,29,29,61,75,75,151,151,168,168,182,213,113,143,143,167,167,200,220,22,42,71,71,144,144,163,385,402,402,413,413,439,439,510,543,543,575,281,281,281,281,281,281,71,104,104],"floor_reached":56,"playtime":2879,"items_purged":["Strike_G","Strike_G","Strike_G","Strike_G"],"score":2320,"play_id":"378ec3bb-ab80-44e2-ad28-d91f23f2dd55","local_time":"20231223033828","is_ascension_mode":true,"campfire_choices":[{"data":"Deadly Poison","floor":6,"key":"SMITH"},{"data":"Calculated Gamble","floor":12,"key":"SMITH"},{"data":"Terror","floor":15,"key":"SMITH"},{"floor":24,"key":"REST"},{"floor":32,"key":"REST"},{"data":"Footwork","floor":40,"key":"SMITH"},{"data":"Phantasmal Killer","floor":42,"key":"SMITH"},{"data":"Eviscerate","floor":45,"key":"SMITH"},{"floor":49,"key":"RECALL"},{"data":"Neutralize","floor":52,"key":"SMITH"}],"neow_cost":"NONE","seed_source_timestamp":837600627746900,"circlet_count":0,"master_deck":["AscendersBane","Defend_G","Defend_G","Defend_G","Defend_G","Defend_G","Survivor","Neutralize+1","Dagger Spray","Deadly Poison+1","Flying Knee","Underhanded Strike","Calculated Gamble+1","Terror+1","Blade Dance","Underhanded Strike","Phantasmal Killer+1","Eviscerate+1","Concentrate+1","Reflex+1","Prepared+1","Prepared+1","Night Terror+1","Footwork+1","Concentrate+1","Deflect+1","Acrobatics+1","Backstab","PiercingWail+1"],"relics":["Ring of the Snake","Mercury Hourglass","Incense Burner","HornCleat","Gambling Chip","Runic Pyramid","Red Mask","Art of War","Blood Vial","Toxic Egg 2","Bottled Flame","Membership Card","Question Card","WristBlade","Meat on the Bone","Eternal Feather","Oddly Smooth Stone","Tough Bandages","Anchor","Boot"],"potions_floor_usage":[7,11,16,21,23,24,55,55],"damage_taken":[{"damage":4,"enemies":"Cultist","floor":1,"turns":4},{"damage":1,"enemies":"Small Slimes","floor":2,"turns":4},{"damage":0,"enemies":"Jaw Worm","floor":3,"turns":4},{"damage":4,"enemies":"Blue Slaver","floor":5,"turns":5},{"damage":12,"enemies":"3 Sentries","floor":7,"turns":7},{"damage":0,"enemies":"3 Louse","floor":8,"turns":2},{"damage":8,"enemies":"Gremlin Nob","floor":11,"turns":3},{"damage":2,"enemies":"3 Sentries","floor":13,"turns":7},{"damage":0,"enemies":"Exordium Wildlife","floor":14,"turns":3},{"damage":2,"enemies":"Hexaghost","floor":16,"turns":7},{"damage":9,"enemies":"2 Thieves","floor":18,"turns":4},{"damage":0,"enemies":"Chosen","floor":20,"turns":3},{"damage":4,"enemies":"Masked Bandits","floor":21,"turns":2},{"damage":1,"enemies":"Slavers","floor":23,"turns":5},{"damage":0,"enemies":"Gremlin Leader","floor":27,"turns":3},{"damage":13,"enemies":"Snake Plant","floor":28,"turns":3},{"damage":0,"enemies":"Snecko","floor":30,"turns":2},{"damage":18,"enemies":"Book of Stabbing","floor":31,"turns":4},{"damage":11,"enemies":"Automaton","floor":33,"turns":6},{"damage":4,"enemies":"Orb Walker","floor":35,"turns":2},{"damage":0,"enemies":"3 Shapes","floor":37,"turns":2},{"damage":4,"enemies":"Jaw Worm Horde","floor":39,"turns":4},{"damage":0,"enemies":"Giant Head","floor":41,"turns":5},{"damage":22,"enemies":"Nemesis","floor":44,"turns":5},{"damage":49,"enemies":"Reptomancer","floor":46,"turns":6},{"damage":21,"enemies":"Donu and Deca","floor":50,"turns":9},{"damage":29,"enemies":"Shield and Spear","floor":54,"turns":8},{"damage":11,"enemies":"The Heart","floor":55,"turns":11}],"seed_played":"1592168363592405882","potions_obtained":[{"floor":3,"key":"LiquidMemories"},{"floor":7,"key":"AttackPotion"},{"floor":16,"key":"ColorlessPotion"},{"floor":18,"key":"Ancient Potion"},{"floor":20,"key":"SkillPotion"},{"floor":21,"key":"Fruit Juice"},{"floor":27,"key":"SmokeBomb"},{"floor":37,"key":"SpeedPotion"},{"floor":41,"key":"Strength Potion"}],"is_trial":false,"path_per_floor":["M","M","M","$","M","R","E","M","T","$","E","R","E","M","R","B",null,"M","?","M","?","$","E","R","T","T","E","M","$","M","E","R","B",null,"M","?","M","?","M","R","E","R","T","E","R","E","$","?","R","B",null,"R","$","E","B",null],"character_chosen":"THE_SILENT","items_purchased":["Deadly Poison","Flying Knee","Terror","Blade Dance","Fire Potion","Membership Card","Prepared+1","Tough Bandages","Acrobatics+1","GamblersBrew","PiercingWail+1","Anchor","Ancient Potion"],"campfire_rested":2,"item_purchase_floors":[4,4,10,10,10,29,29,47,47,47,53,53,53],"current_hp_per_floor":[55,54,54,54,50,50,38,38,38,38,30,30,28,28,28,26,56,47,29,29,25,25,24,51,51,51,53,42,42,44,28,50,41,67,65,65,67,67,65,65,67,67,67,47,62,27,27,27,42,35,66,76,76,47,50],"gold":104,"neow_bonus":"HUNDRED_GOLD","is_prod":false,"is_daily":false,"chose_seed":false,"campfire_upgraded":7,"win_rate":0,"timestamp":1703331508,"path_taken":["M","M","M","$","M","R","E","M","T","?","E","R","E","M","R","BOSS","M","?","M","?","$","E","R","?","T","E","M","$","M","E","R","BOSS","M","?","M","?","M","R","E","R","T","E","R","E","$","?","R","BOSS","R","$","E","BOSS"],"build_version":"2022-12-18","purchased_purges":4,"victory":true,"max_hp_per_floor":[66,66,66,66,66,66,66,66,66,66,66,66,66,66,66,66,66,66,71,71,71,71,71,76,76,76,76,76,76,76,76,76,76,76,76,76,76,76,76,76,76,76,76,76,76,76,76,76,76,76,76,76,76,76,76],"card_choices":[{"not_picked":["Cloak And Dagger","Setup","Flechettes"],"picked":"SKIP","floor":1},{"not_picked":["Acrobatics","Expertise"],"picked":"Dagger Throw","floor":2},{"not_picked":["Sucker Punch","Reflex"],"picked":"Dagger Spray","floor":3},{"not_picked":["Escape Plan","Finisher"],"picked":"Underhanded Strike","floor":5},{"not_picked":["Storm of Steel","Bane"],"picked":"Calculated Gamble","floor":7},{"not_picked":["Outmaneuver","Deflect","Quick Slash"],"picked":"SKIP","floor":8},{"not_picked":["Dodge and Roll","Poisoned Stab","Bane"],"picked":"SKIP","floor":11},{"not_picked":["Noxious Fumes","Bane","Storm of Steel"],"picked":"SKIP","floor":13},{"not_picked":["Poisoned Stab","Prepared"],"picked":"Underhanded Strike","floor":14},{"not_picked":["A Thousand Cuts","Night Terror"],"picked":"Phantasmal Killer","floor":16},{"not_picked":["Sucker Punch+1","Poisoned Stab","Caltrops"],"picked":"SKIP","floor":18},{"not_picked":["Dagger Spray","Reflex","Endless Agony"],"picked":"SKIP","floor":20},{"not_picked":["Die Die Die","Dodge and Roll"],"picked":"Eviscerate","floor":21},{"not_picked":["Quick Slash","Setup+1"],"picked":"Concentrate+1","floor":23},{"not_picked":["Dash","Expertise+1","Setup+1"],"picked":"SKIP","floor":27},{"not_picked":["Dash","Expertise+1","Setup+1"],"picked":"SKIP","floor":27},{"not_picked":["Caltrops","Dagger Throw"],"picked":"Reflex+1","floor":28},{"not_picked":["Underhanded Strike","Distraction+1","Quick Slash"],"picked":"SKIP","floor":30},{"not_picked":["Skewer","Dodge and Roll+1"],"picked":"Prepared+1","floor":31},{"not_picked":["Unload","Envenom","After Image"],"picked":"Night Terror+1","floor":33},{"not_picked":["Sucker Punch","Prepared+1","Cloak And Dagger+1","Bouncing Flask+1"],"picked":"SKIP","floor":35},{"not_picked":["Bouncing Flask+1","Underhanded Strike","Deadly Poison+1"],"picked":"Footwork","floor":37},{"not_picked":["Cloak And Dagger+1","Sucker Punch","Bouncing Flask+1","Flying Knee+1"],"picked":"SKIP","floor":39},{"not_picked":["Corpse Explosion+1","Cloak And Dagger+1","Backflip+1"],"picked":"Concentrate+1","floor":41},{"not_picked":["Caltrops","Deflect+1","Catalyst+1","Dagger Spray"],"picked":"SKIP","floor":44},{"not_picked":["Caltrops","Deflect+1","Catalyst+1","Dagger Spray"],"picked":"SKIP","floor":44},{"not_picked":["Infinite Blades","Dash","Poisoned Stab+1"],"picked":"Deflect+1","floor":46},{"not_picked":["Choke","Dagger Throw","Riddle With Holes","Finisher"],"picked":"SKIP","floor":54}],"player_experience":1050594,"relics_obtained":[{"floor":7,"key":"Mercury Hourglass"},{"floor":9,"key":"Incense Burner"},{"floor":11,"key":"HornCleat"},{"floor":13,"key":"Gambling Chip"},{"floor":21,"key":"Red Mask"},{"floor":23,"key":"Art of War"},{"floor":25,"key":"Blood Vial"},{"floor":26,"key":"Toxic Egg 2"},{"floor":27,"key":"Bottled Flame"},{"floor":31,"key":"Question Card"},{"floor":41,"key":"Meat on the Bone"},{"floor":44,"key":"Eternal Feather"},{"floor":46,"key":"Oddly Smooth Stone"},{"floor":54,"key":"Boot"}],"event_choices":[{"damage_healed":0,"gold_gain":0,"player_choice":"Shed Blood","damage_taken":23,"max_hp_gain":5,"max_hp_loss":0,"event_name":"Forgotten Altar","floor":19,"gold_loss":0},{"damage_healed":0,"gold_gain":0,"player_choice":"Fought Bandits","damage_taken":0,"max_hp_gain":0,"max_hp_loss":0,"event_name":"Masked Bandits","floor":21,"gold_loss":0},{"damage_healed":0,"gold_gain":222,"player_choice":"Wore Mask","damage_taken":0,"max_hp_gain":0,"max_hp_loss":0,"event_name":"Tomb of Lord Red Mask","floor":36,"gold_loss":0},{"cards_removed":["Dagger Throw"],"damage_healed":0,"gold_gain":0,"player_choice":"Removed Attack","damage_taken":0,"max_hp_gain":0,"max_hp_loss":0,"event_name":"Falling","floor":38,"gold_loss":0},{"damage_healed":0,"gold_gain":0,"cards_transformed":["Strike_G"],"player_choice":"Transformed","damage_taken":0,"max_hp_gain":0,"max_hp_loss":0,"event_name":"Transmorgrifier","floor":48,"gold_loss":0,"cards_obtained":["Backstab"]}],"is_beta":false,"boss_relics":[{"not_picked":["Philosopher\u0027s Stone","Calling Bell"],"picked":"Runic Pyramid"},{"not_picked":["Sozu","Ring of the Serpent"],"picked":"WristBlade"}],"items_purged_floors":[4,22,47,53],"is_endless":false,"potions_floor_spawned":[3,7,16,18,20,21,27,37,41],"ascension_level":19}