{"gold_per_floor":[117,135,210,210,210,210,243,270,270,295,355,381,401,415,415,494,494,511,426,437,224,239,267,277,311,334,346,346,371,371,385,385,462,462,475,325,325,343,0,27,27,42,67,94,111,137,137,148,148,148,148,148,148,94,124,124],"floor_reached":57,"playtime":4492,"items_purged":["Strike_G","Strike_G","Defend_G"],"score":3290,"play_id":"b1299180-8a5c-4748-bc9b-920e4d2069d3","local_time":"20231229125702","is_ascension_mode":true,"campfire_choices":[{"data":"Eviscerate","floor":6,"key":"SMITH"},{"data":"Well Laid Plans","floor":15,"key":"SMITH"},{"floor":28,"key":"REST"},{"data":"Neutralize","floor":30,"key":"SMITH"},{"floor":32,"key":"REST"},{"floor":41,"key":"RECALL"},{"floor":49,"key":"REST"},{"floor":53,"key":"REST"}],"neow_cost":"NONE","seed_source_timestamp":1387944621442600,"circlet_count":0,"master_deck":["AscendersBane","Defend_G","Defend_G","Defend_G","Survivor","Neutralize+1","Eviscerate+1","Blade Dance+1","Backflip+1","Well Laid Plans+1","Concentrate+1","Burst+1","Reflex+1","Calculated Gamble+1","PiercingWail+1","Malaise+1","Blade Dance+1","Tactician+1","Phantasmal Killer+1","Blur+1","Dash+1","Dodge and Roll+1","Acrobatics+1","Escape Plan+1","PiercingWail+1","After Image+1","Acrobatics+1","Finesse+1","Madness+1","Cloak And Dagger+1","Acrobatics+1"],"relics":["Ring of the Snake","NeowsBlessing","Toxic Egg 2","Pocketwatch","Bag of Marbles","Calipers","Dead Branch","Happy Flower","Paper Crane","SacredBark","Tiny Chest","Frozen Egg 2","Ancient Tea Set","Mercury Hourglass","Astrolabe","PreservedInsect","Matryoshka","Whetstone","Art of War","Centennial Puzzle","Kunai","Snake Skull"],"potions_floor_usage":[16,18,33,56,56],"damage_taken":[{"damage":0,"enemies":"2 Louse","floor":1,"turns":1},{"damage":0,"enemies":"Small Slimes","floor":2,"turns":1},{"damage":0,"enemies":"Lagavulin","floor":7,"turns":1},{"damage":13,"enemies":"3 Sentries","floor":10,"turns":7},{"damage":0,"enemies":"Gremlin Nob","floor":11,"turns":2},{"damage":29,"enemies":"Gremlin Nob","floor":12,"turns":4},{"damage":0,"enemies":"Cultist","floor":13,"turns":3},{"damage":3,"enemies":"Large Slime","floor":14,"turns":6},{"damage":9,"enemies":"The Guardian","floor":16,"turns":9},{"damage":0,"enemies":"3 Byrds","floor":18,"turns":4},{"damage":6,"enemies":"Shell Parasite","floor":20,"turns":6},{"damage":0,"enemies":"Centurion and Healer","floor":22,"turns":4},{"damage":6,"enemies":"Slavers","floor":23,"turns":5},{"damage":0,"enemies":"Snake Plant","floor":24,"turns":4},{"damage":0,"enemies":"Gremlin Leader","floor":25,"turns":3},{"damage":22,"enemies":"Snecko","floor":27,"turns":6},{"damage":0,"enemies":"Slavers","floor":29,"turns":7},{"damage":0,"enemies":"Shelled Parasite and Fungi","floor":31,"turns":1},{"damage":24,"enemies":"Champ","floor":33,"turns":8},{"damage":0,"enemies":"3 Shapes","floor":35,"turns":4},{"damage":0,"enemies":"Orb Walker","floor":38,"turns":3},{"damage":0,"enemies":"Giant Head","floor":40,"turns":2},{"damage":0,"enemies":"Spire Growth","floor":42,"turns":3},{"damage":0,"enemies":"Reptomancer","floor":44,"turns":3},{"damage":0,"enemies":"Writhing Mass","floor":45,"turns":5},{"damage":0,"enemies":"Nemesis","floor":46,"turns":5},{"damage":0,"enemies":"Sphere and 2 Shapes","floor":48,"turns":4},{"damage":16,"enemies":"Time Eater","floor":50,"turns":18},{"damage":0,"enemies":"Awakened One","floor":51,"turns":12},{"damage":0,"enemies":"Shield and Spear","floor":55,"turns":8},{"damage":5,"enemies":"The Heart","floor":56,"turns":10}],"seed_played":"4535045844238460693","potions_obtained":[{"floor":7,"key":"SpeedPotion"},{"floor":12,"key":"Dexterity Potion"},{"floor":14,"key":"DuplicationPotion"},{"floor":16,"key":"Block Potion"},{"floor":25,"key":"Strength Potion"},{"floor":55,"key":"Regen Potion"}],"is_trial":false,"path_per_floor":["M","M","?","?","?","R","E","T","T","E","?","E","M","M","R","B",null,"M","?","M","$","M","E","M","E","T","M","R","E","R","M","R","B",null,"M","$","?","M","$","E","R","M","T","E","M","E","?","M","R","B","B",null,"R","$","E","B",null],"character_chosen":"THE_SILENT","items_purchased":["Calculated Gamble+1","SteroidPotion","Acrobatics+1","PreservedInsect","Dexterity Potion","Acrobatics+1"],"campfire_rested":4,"item_purchase_floors":[21,21,36,39,39,54],"current_hp_per_floor":[59,59,48,43,65,65,65,65,65,52,52,23,23,20,20,11,52,52,52,46,46,46,40,40,40,40,18,37,37,37,37,56,32,58,58,58,58,58,58,58,58,58,58,58,58,58,48,48,66,50,50,62,66,66,66,66],"gold":124,"neow_bonus":"THREE_ENEMY_KILL","is_prod":false,"is_daily":false,"chose_seed":false,"campfire_upgraded":3,"win_rate":0,"timestamp":1703883422,"path_taken":["M","M","?","?","?","R","E","?","T","E","?","E","M","M","R","BOSS","M","?","M","$","M","E","M","E","T","M","R","E","R","M","R","BOSS","M","$","?","M","?","E","R","M","T","E","M","E","?","M","R","BOSS","BOSS","R","$","E","BOSS"],"build_version":"2022-12-18","purchased_purges":3,"victory":true,"max_hp_per_floor":[66,66,66,66,66,66,66,66,66,66,66,66,66,66,66,66,66,66,66,66,66,66,66,66,66,66,66,66,66,66,66,66,66,66,66,66,66,66,66,66,66,66,66,66,66,66,66,66,66,66,66,66,66,66,66,66],"card_choices":[{"not_picked":["Deadly Poison","Heel Hook"],"picked":"Eviscerate","floor":1},{"not_picked":["Dodge and Roll","Cloak And Dagger","Outmaneuver"],"picked":"SKIP","floor":2},{"not_picked":["Predator","Grand Finale"],"picked":"Blade Dance+1","floor":7},{"not_picked":["Blur+1","Bouncing Flask+1"],"picked":"Backflip+1","floor":10},{"not_picked":["Leg Sweep+1","Escape Plan+1"],"picked":"Well Laid Plans","floor":11},{"not_picked":["Choke","Accuracy","Slice"],"picked":"SKIP","floor":12},{"not_picked":["Cloak And Dagger+1","Acrobatics+1"],"picked":"Concentrate+1","floor":13},{"not_picked":["Crippling Poison+1","Deflect+1","Underhanded Strike"],"picked":"SKIP","floor":14},{"not_picked":["Wraith Form v2","Doppelganger+1"],"picked":"Burst+1","floor":16},{"not_picked":["Noxious Fumes","Slice","Dagger Spray"],"picked":"SKIP","floor":18},{"not_picked":["Outmaneuver+1","Poisoned Stab"],"picked":"Reflex+1","floor":20},{"not_picked":["Outmaneuver+1","Escape Plan+1"],"picked":"PiercingWail+1","floor":22},{"not_picked":["Dagger Spray+1","Slice","Dodge and Roll+1"],"picked":"SKIP","floor":23},{"not_picked":["Blur+1","Backflip+1","Poisoned Stab"],"picked":"SKIP","floor":24},{"not_picked":["Distraction+1","Prepared+1"],"picked":"Malaise+1","floor":25},{"not_picked":["Dagger Spray","Dodge and Roll+1","Cloak And Dagger+1"],"picked":"SKIP","floor":27},{"not_picked":["Riddle With Holes","Backstab"],"picked":"Blade Dance+1","floor":29},{"not_picked":["Escape Plan+1","Prepared+1"],"picked":"Tactician+1","floor":31},{"not_picked":["Grand Finale","Tools of the Trade+1"],"picked":"Phantasmal Killer+1","floor":33},{"not_picked":["Endless Agony","Accuracy+1","Finisher"],"picked":"SKIP","floor":35},{"not_picked":["Sucker Punch","Quick Slash"],"picked":"Escape Plan+1","floor":38},{"not_picked":["Flying Knee","Setup+1","Choke"],"picked":"SKIP","floor":40},{"not_picked":["Escape Plan+1","Slice"],"picked":"PiercingWail+1","floor":42},{"not_picked":["Backstab","Dodge and Roll+1"],"picked":"After Image+1","floor":44},{"not_picked":["Sucker Punch","Deadly Poison+1","Riddle With Holes+1"],"picked":"SKIP","floor":45},{"not_picked":["Underhanded Strike","Finisher"],"picked":"Acrobatics+1","floor":46},{"not_picked":["Impatience+1","The Bomb+1"],"picked":"Finesse+1","floor":47},{"not_picked":["Swift Strike","Jack Of All Trades+1"],"picked":"Madness+1","floor":47},{"not_picked":["Dagger Throw","Sucker Punch"],"picked":"Cloak And Dagger+1","floor":48},{"not_picked":["Flying Knee","Leg Sweep+1","PiercingWail+1"],"picked":"SKIP","floor":55}],"player_experience":1133040,"relics_obtained":[{"floor":7,"key":"Pocketwatch"},{"floor":8,"key":"Bag of Marbles"},{"floor":9,"key":"Calipers"},{"floor":10,"key":"Dead Branch"},{"floor":12,"key":"Paper Crane"},{"floor":23,"key":"Frozen Egg 2"},{"floor":25,"key":"Ancient Tea Set"},{"floor":29,"key":"Mercury Hourglass"},{"floor":40,"key":"Matryoshka"},{"floor":43,"key":"Whetstone"},{"floor":43,"key":"Art of War"},{"floor":44,"key":"Centennial Puzzle"},{"floor":46,"key":"Kunai"},{"floor":55,"key":"Snake Skull"}],"event_choices":[{"damage_healed":0,"gold_gain":75,"player_choice":"Gather Gold","damage_taken":11,"max_hp_gain":0,"max_hp_loss":0,"event_name":"World of Goop","floor":3,"gold_loss":0},{"damage_healed":0,"gold_gain":0,"player_choice":"Success","damage_taken":5,"relics_obtained":["Toxic Egg 2"],"max_hp_gain":0,"max_hp_loss":0,"event_name":"Scrap Ooze","floor":4,"gold_loss":0},{"damage_healed":22,"gold_gain":0,"player_choice":"Banana","damage_taken":0,"max_hp_gain":0,"max_hp_loss":0,"event_name":"Big Fish","floor":5,"gold_loss":0},{"damage_healed":0,"gold_gain":30,"player_choice":"Searched \u00273\u0027 times","damage_taken":0,"relics_obtained":["Happy Flower"],"max_hp_gain":0,"max_hp_loss":0,"event_name":"Dead Adventurer","floor":11,"gold_loss":0},{"damage_healed":0,"gold_gain":0,"player_choice":"Obtained Relic","damage_taken":0,"relics_obtained":["Tiny Chest"],"max_hp_gain":0,"max_hp_loss":0,"event_name":"Addict","floor":19,"gold_loss":85},{"cards_removed":["Defend_G"],"damage_healed":0,"gold_gain":0,"player_choice":"Purged","damage_taken":0,"max_hp_gain":0,"max_hp_loss":0,"event_name":"Purifier","floor":37,"gold_loss":0},{"damage_healed":0,"gold_gain":0,"player_choice":"Memory 3","damage_taken":10,"max_hp_gain":0,"max_hp_loss":0,"event_name":"SensoryStone","floor":47,"gold_loss":0}],"is_beta":false,"boss_relics":[{"not_picked":["Velvet Choker","Empty Cage"],"picked":"SacredBark"},{"not_picked":["Philosopher\u0027s Stone","Busted Crown"],"picked":"Astrolabe"}],"items_purged_floors":[21,36,39],"is_endless":false,"potions_floor_spawned":[7,12,13,14,16,22,23,24,25,31,42,44,45,46,55],"ascension_level":20}