{"gold_per_floor":[18,37,53,53,18,18,32,59,84,84,84,116,116,141,141,141],"floor_reached":16,"playtime":585,"items_purged":[],"score":279,"play_id":"b8ccaf22-2b3b-4f71-9a0d-e5ab5e239941","local_time":"20231223022219","is_ascension_mode":true,"campfire_choices":[{"data":"All Out Attack","floor":6,"key":"SMITH"},{"data":"Prepared","floor":10,"key":"SMITH"},{"data":"Eviscerate","floor":15,"key":"SMITH"}],"neow_cost":"NO_GOLD","seed_source_timestamp":835358167526800,"circlet_count":0,"master_deck":["AscendersBane","Strike_G","Strike_G+1","Strike_G","Defend_G","Defend_G","Defend_G","Defend_G","Survivor","Neutralize+1","Expertise","Eviscerate+1","Deflect","Blade Dance","All Out Attack+1","Acrobatics","Prepared+1","Terror","Acrobatics"],"relics":["Ring of the Snake","Meat on the Bone","Whetstone","Lantern","Thread and Needle","Regal Pillow"],"potions_floor_usage":[8,12],"damage_taken":[{"damage":0,"enemies":"Cultist","floor":1,"turns":3},{"damage":11,"enemies":"Jaw Worm","floor":2,"turns":6},{"damage":8,"enemies":"Small Slimes","floor":3,"turns":3},{"damage":6,"enemies":"Looter","floor":7,"turns":3},{"damage":33,"enemies":"Lagavulin","floor":8,"turns":12},{"damage":9,"enemies":"Gremlin Nob","floor":12,"turns":4},{"damage":0,"enemies":"Lagavulin","floor":14,"turns":3},{"damage":46,"enemies":"Slime Boss","floor":16,"turns":7}],"seed_played":"-5697003472198748672","potions_obtained":[{"floor":2,"key":"SkillPotion"},{"floor":7,"key":"GhostInAJar"}],"is_trial":false,"path_per_floor":["M","M","M","T","?","R","M","E","T","R","?","E","?","E","R","B"],"character_chosen":"THE_SILENT","items_purchased":[],"campfire_rested":0,"item_purchase_floors":[],"current_hp_per_floor":[59,48,40,40,56,56,50,29,29,29,29,32,32,44,44,0],"gold":141,"neow_bonus":"TRANSFORM_TWO_CARDS","is_prod":false,"is_daily":false,"chose_seed":false,"campfire_upgraded":3,"win_rate":0,"timestamp":1703326939,"path_taken":["M","M","M","?","?","R","M","E","T","R","?","E","?","E","R","BOSS"],"build_version":"2022-12-18","purchased_purges":0,"victory":false,"max_hp_per_floor":[66,66,66,66,66,66,66,66,66,66,66,66,66,66,66,66],"card_choices":[{"not_picked":["Bane","Escape Plan"],"picked":"Deflect","floor":1},{"not_picked":["Flying Knee","Dagger Spray"],"picked":"Blade Dance","floor":2},{"not_picked":["Catalyst","Footwork"],"picked":"All Out Attack","floor":3},{"not_picked":["Poisoned Stab","Backflip"],"picked":"Acrobatics","floor":7},{"not_picked":["Backflip","Eviscerate"],"picked":"Prepared","floor":8},{"not_picked":["Skewer","Footwork"],"picked":"Terror","floor":12},{"not_picked":["Sucker Punch","Flying Knee"],"picked":"Acrobatics","floor":14}],"player_experience":1048696,"relics_obtained":[{"floor":4,"key":"Meat on the Bone"},{"floor":8,"key":"Whetstone"},{"floor":9,"key":"Lantern"},{"floor":12,"key":"Thread and Needle"},{"floor":14,"key":"Regal Pillow"}],"event_choices":[{"damage_healed":16,"gold_gain":0,"player_choice":"Healed","damage_taken":0,"max_hp_gain":0,"max_hp_loss":0,"event_name":"The Cleric","floor":5,"gold_loss":35},{"damage_healed":0,"gold_gain":0,"player_choice":"Ignored","damage_taken":0,"max_hp_gain":0,"max_hp_loss":0,"event_name":"Liars Game","floor":11,"gold_loss":0},{"cards_removed":["Strike_G"],"damage_healed":0,"gold_gain":0,"player_choice":"Forget","damage_taken":0,"max_hp_gain":0,"max_hp_loss":0,"event_name":"Living Wall","floor":13,"gold_loss":0}],"is_beta":false,"boss_relics":[],"items_purged_floors":[],"is_endless":false,"potions_floor_spawned":[2,7],"killed_by":"Slime Boss","ascension_level":19}