{"gold_per_floor":[111,111,123,136,136,136,168,168,168,168],"floor_reached":10,"playtime":285,"items_purged":[],"score":132,"play_id":"b7b81b00-f9bd-4e80-a786-a4311d9c25f2","local_time":"20231227120223","is_ascension_mode":true,"campfire_choices":[{"floor":6,"key":"REST"},{"data":"Dagger Spray","floor":8,"key":"SMITH"}],"neow_cost":"PERCENT_DAMAGE","seed_source_timestamp":1216084177244100,"circlet_count":0,"master_deck":["AscendersBane","Strike_G","Strike_G","Strike_G","Strike_G","Strike_G","Defend_G","Defend_G","Defend_G","Defend_G+1","Defend_G","Survivor","Neutralize+1","Sucker Punch","Dagger Throw","Dagger Spray+1"],"relics":["Ring of the Snake","Bird Faced Urn","Calipers","Bottled Flame"],"potions_floor_usage":[7,7],"damage_taken":[{"damage":0,"enemies":"Jaw Worm","floor":1,"turns":6},{"damage":6,"enemies":"Small Slimes","floor":3,"turns":5},{"damage":0,"enemies":"2 Louse","floor":4,"turns":3},{"damage":19,"enemies":"Gremlin Nob","floor":7,"turns":4},{"damage":18,"enemies":"Lagavulin","floor":10,"turns":5}],"seed_played":"3853739505174794257","potions_obtained":[{"floor":3,"key":"SneckoOil"},{"floor":4,"key":"DistilledChaos"}],"is_trial":false,"path_per_floor":["M","?","M","M","?","R","E","R","T","E"],"character_chosen":"THE_SILENT","items_purchased":[],"campfire_rested":1,"item_purchase_floors":[],"current_hp_per_floor":[44,44,38,38,18,37,18,18,18,0],"gold":168,"neow_bonus":"ONE_RARE_RELIC","is_prod":false,"is_daily":false,"chose_seed":false,"campfire_upgraded":1,"win_rate":0,"timestamp":1703707343,"path_taken":["M","?","M","M","?","R","E","R","T","E"],"build_version":"2022-12-18","purchased_purges":0,"victory":false,"max_hp_per_floor":[66,66,66,66,66,66,66,66,66,66],"card_choices":[{"not_picked":["Outmaneuver","Tactician"],"picked":"Sucker Punch","floor":1},{"not_picked":["Deflect","Quick Slash"],"picked":"Dagger Throw","floor":3},{"not_picked":["Sucker Punch","Quick Slash","Riddle With Holes"],"picked":"SKIP","floor":4},{"not_picked":["Backflip","Dodge and Roll"],"picked":"Dagger Spray","floor":7}],"player_experience":1104637,"relics_obtained":[{"floor":7,"key":"Calipers"},{"floor":9,"key":"Bottled Flame"}],"event_choices":[{"damage_healed":0,"gold_gain":0,"player_choice":"Ignored","damage_taken":0,"max_hp_gain":0,"max_hp_loss":0,"event_name":"Liars Game","floor":2,"gold_loss":0},{"damage_healed":0,"gold_gain":0,"player_choice":"Entered Light","damage_taken":20,"max_hp_gain":0,"max_hp_loss":0,"event_name":"Shining Light","floor":5,"gold_loss":0,"cards_upgraded":["Defend_G","Neutralize"]}],"is_beta":false,"boss_relics":[],"items_purged_floors":[],"is_endless":false,"potions_floor_spawned":[3,4],"killed_by":"Lagavulin","ascension_level":20}