{"gold_per_floor":[116,130,141,154,168,196,196,209,209,26,26,40,54,71,71,172,172,191,204,204],"floor_reached":20,"playtime":1453,"items_purged":[],"score":182,"play_id":"8693c559-81f4-46ea-9642-d8aa77b53f22","local_time":"20230715031542","is_ascension_mode":false,"campfire_choices":[{"data":"Heavy Blade","floor":7,"key":"SMITH"},{"data":"Inflame","floor":11,"key":"SMITH"},{"floor":15,"key":"REST"}],"neow_cost":"NONE","seed_source_timestamp":178348476664500,"circlet_count":0,"master_deck":["Strike_R","Strike_R","Strike_R","Strike_R","Strike_R","Defend_R","Defend_R","Defend_R","Defend_R","Bash","Inflame+1","Heavy Blade+1","Flex","Flex","Clash","Heavy Blade","Warcry","Inflame","Flex","Berserk","Inflame","Fiend Fire","Shockwave+1"],"relics":["Black Blood","Dream Catcher","Bird Faced Urn","Regal Pillow"],"potions_floor_usage":[16,19],"damage_taken":[{"damage":13,"enemies":"2 Louse","floor":1,"turns":3},{"damage":6,"enemies":"Cultist","floor":2,"turns":3},{"damage":0,"enemies":"Small Slimes","floor":3,"turns":4},{"damage":14,"enemies":"2 Fungi Beasts","floor":4,"turns":3},{"damage":12,"enemies":"Blue Slaver","floor":5,"turns":3},{"damage":35,"enemies":"3 Sentries","floor":6,"turns":8},{"damage":16,"enemies":"Exordium Thugs","floor":8,"turns":4},{"damage":13,"enemies":"Lots of Slimes","floor":12,"turns":3},{"damage":10,"enemies":"3 Louse","floor":13,"turns":3},{"damage":12,"enemies":"Blue Slaver","floor":14,"turns":2},{"damage":27,"enemies":"The Guardian","floor":16,"turns":7},{"damage":45,"enemies":"3 Byrds","floor":18,"turns":6},{"damage":41,"enemies":"Shell Parasite","floor":19,"turns":5},{"damage":41,"enemies":"Centurion and Healer","floor":20,"turns":4}],"seed_played":"-6497742689452827066","potions_obtained":[{"floor":2,"key":"PowerPotion"},{"floor":4,"key":"Fire Potion"},{"floor":6,"key":"Swift Potion"},{"floor":16,"key":"LiquidBronze"}],"is_trial":false,"path_per_floor":["M","M","M","M","M","E","R","M","T","$","R","M","M","M","R","B",null,"M","M","M"],"character_chosen":"IRONCLAD","items_purchased":["Regal Pillow","Warcry"],"campfire_rested":1,"item_purchase_floors":[10,10],"current_hp_per_floor":[81,81,87,79,73,44,44,34,34,34,34,27,25,23,64,53,88,57,34,0],"gold":204,"neow_bonus":"TEN_PERCENT_HP_BONUS","is_prod":false,"is_daily":false,"chose_seed":false,"campfire_upgraded":2,"win_rate":0.0,"timestamp":1689416142,"path_taken":["M","M","M","M","M","E","R","M","T","$","R","M","M","M","R","BOSS","M","M","M"],"build_version":"2022-12-18","purchased_purges":0,"victory":false,"max_hp_per_floor":[88,88,88,88,88,88,88,88,88,88,88,88,88,88,88,88,88,88,88,88],"card_choices":[{"not_picked":["True Grit","Cleave"],"picked":"Inflame","floor":1},{"not_picked":["Clothesline","Iron Wave"],"picked":"Heavy Blade","floor":2},{"not_picked":["Reckless Charge","Flame Barrier"],"picked":"Flex","floor":3},{"not_picked":["Clash","Limit Break"],"picked":"Flex","floor":4},{"not_picked":["Body Slam","Infernal Blade"],"picked":"Clash","floor":5},{"not_picked":["Thunderclap","True Grit","Twin Strike"],"picked":"SKIP","floor":6},{"not_picked":["Power Through","Uppercut"],"picked":"Heavy Blade","floor":8},{"not_picked":["Reckless Charge","Body Slam"],"picked":"Inflame","floor":12},{"not_picked":["Body Slam","True Grit"],"picked":"Flex","floor":13},{"not_picked":["Thunderclap","Fire Breathing"],"picked":"Berserk","floor":14},{"not_picked":["Sword Boomerang","Flame Barrier"],"picked":"Inflame","floor":15},{"not_picked":["Brutality","Berserk"],"picked":"Fiend Fire","floor":16},{"not_picked":["Flex","Clothesline+1"],"picked":"Shockwave+1","floor":18},{"not_picked":["Twin Strike","Disarm","Clash"],"picked":"SKIP","floor":19}],"player_experience":15355,"relics_obtained":[{"floor":6,"key":"Dream Catcher"},{"floor":9,"key":"Bird Faced Urn"}],"event_choices":[],"is_beta":false,"boss_relics":[{"not_picked":["Fusion Hammer","Coffee Dripper"],"picked":"Black Blood"}],"items_purged_floors":[],"is_endless":false,"potions_floor_spawned":[2,4,6,12,16,18],"killed_by":"Centurion and Healer","ascension_level":0}