{"gold_per_floor":[114,64,10,10,28,56,72,72,72,72,90,116,139,152,152,248,248,260,272,285,285,305,305,330,330,330,362,9,28,28,41,41,140,140,154,204,204,215,232,262,274,386,422,447,46,46,58,58],"floor_reached":48,"playtime":3897,"items_purged":["Strike_R","Rampage"],"score":512,"play_id":"5a4407c2-7cf9-46c4-a213-3fa494847236","local_time":"20230716145436","is_ascension_mode":false,"campfire_choices":[{"data":"Armaments","floor":8,"key":"SMITH"},{"data":"Hemokinesis","floor":15,"key":"SMITH"},{"data":"Rage","floor":23,"key":"SMITH"},{"data":"Anger","floor":25,"key":"SMITH"},{"data":"Jack Of All Trades","floor":32,"key":"SMITH"},{"data":"Demon Form","floor":41,"key":"SMITH"},{"data":"Juggernaut","floor":46,"key":"SMITH"}],"neow_cost":"NONE","seed_source_timestamp":879142736700,"circlet_count":0,"master_deck":["Strike_R+1","Strike_R+1","Defend_R+1","Defend_R+1","Defend_R+1","Bash","Armaments+1","Anger+1","Anger","Iron Wave","Metallicize","Hemokinesis+1","Reaper","Demon Form+1","Shrug It Off","Flex+1","Rage+1","Power Through+1","Dual Wield+1","Panache","Jack Of All Trades+1","Pommel Strike","Ghostly Armor+1","Juggernaut+1","Pommel Strike+1","Flex+1","Rupture+1","Clash+1","Blood for Blood+1","Wild Strike+1","Wild Strike+1"],"relics":["Burning Blood","Pantograph","Potion Belt","Self Forming Clay","Pen Nib","Odd Mushroom","Empty Cage","Enchiridion","Toy Ornithopter","Ornamental Fan","Boot","Velvet Choker","Champion Belt","MawBank","Ancient Tea Set","Kunai"],"potions_floor_usage":[16,24,27,33],"damage_taken":[{"damage":6,"enemies":"2 Louse","floor":1,"turns":3},{"damage":7,"enemies":"Jaw Worm","floor":5,"turns":3},{"damage":25,"enemies":"Gremlin Nob","floor":6,"turns":4},{"damage":1,"enemies":"Small Slimes","floor":7,"turns":3},{"damage":1,"enemies":"Exordium Wildlife","floor":11,"turns":3},{"damage":15,"enemies":"Lagavulin","floor":12,"turns":7},{"damage":28,"enemies":"The Mushroom Lair","floor":13,"turns":5},{"damage":2,"enemies":"Blue Slaver","floor":14,"turns":3},{"damage":46,"enemies":"Hexaghost","floor":16,"turns":8},{"damage":27,"enemies":"2 Thieves","floor":18,"turns":4},{"damage":8,"enemies":"3 Byrds","floor":19,"turns":6},{"damage":33,"enemies":"3 Cultists","floor":20,"turns":6},{"damage":9,"enemies":"Centurion and Healer","floor":22,"turns":7},{"damage":45,"enemies":"Book of Stabbing","floor":24,"turns":7},{"damage":13,"enemies":"Slavers","floor":27,"turns":5},{"damage":2,"enemies":"Snake Plant","floor":29,"turns":4},{"damage":0,"enemies":"Snecko","floor":31,"turns":7},{"damage":10,"enemies":"Champ","floor":33,"turns":9},{"damage":13,"enemies":"3 Shapes","floor":35,"turns":3},{"damage":2,"enemies":"Mind Bloom Boss Battle","floor":36,"turns":7},{"damage":15,"enemies":"Orb Walker","floor":38,"turns":3},{"damage":11,"enemies":"Sphere and 2 Shapes","floor":39,"turns":5},{"damage":34,"enemies":"Nemesis","floor":40,"turns":8},{"damage":35,"enemies":"3 Darklings","floor":44,"turns":5},{"damage":19,"enemies":"Maw","floor":47,"turns":8},{"damage":22,"enemies":"Spire Growth","floor":48,"turns":2}],"seed_played":"6295191408633237654","potions_obtained":[{"floor":5,"key":"FearPotion"},{"floor":6,"key":"SneckoOil"},{"floor":13,"key":"ElixirPotion"},{"floor":22,"key":"LiquidMemories"},{"floor":27,"key":"SteroidPotion"},{"floor":29,"key":"CultistPotion"},{"floor":36,"key":"Swift Potion"},{"floor":38,"key":"Explosive Potion"},{"floor":44,"key":"DistilledChaos"}],"is_trial":false,"path_per_floor":["M","?","$","?","M","E","M","R","T","$","M","E","?","M","R","B",null,"M","M","M","?","M","R","E","R","T","E","$","M","?","M","R","B",null,"M","?","?","M","M","E","R","?","T","M","$","R","M","M"],"character_chosen":"IRONCLAD","items_purchased":["Warcry","Panache","Jack Of All Trades","Kunai","BloodPotion"],"campfire_rested":0,"item_purchase_floors":[3,28,28,45,45],"current_hp_per_floor":[80,80,80,80,79,60,65,65,65,65,70,61,39,43,43,32,80,67,69,64,48,55,55,16,16,16,14,14,23,23,34,34,78,80,73,80,80,71,80,52,52,52,52,34,34,34,21,0],"gold":58,"neow_bonus":"REMOVE_CARD","is_prod":false,"is_daily":false,"chose_seed":false,"campfire_upgraded":7,"win_rate":0,"timestamp":1689544476,"path_taken":["M","?","$","?","M","E","M","R","T","?","M","E","?","M","R","BOSS","M","M","M","?","M","R","E","R","T","E","$","M","?","M","R","BOSS","M","?","?","?","M","E","R","?","T","M","$","R","M","M"],"build_version":"2022-12-18","purchased_purges":2,"victory":false,"max_hp_per_floor":[80,80,80,80,80,80,80,80,80,80,80,80,80,80,80,80,80,80,80,80,80,80,80,80,80,80,80,80,80,80,80,80,80,80,80,80,80,80,80,80,80,80,80,80,80,80,80,80],"card_choices":[{"not_picked":["True Grit","Body Slam"],"picked":"Armaments","floor":1},{"not_picked":["Body Slam","Disarm"],"picked":"Anger","floor":5},{"not_picked":["Hemokinesis","Body Slam"],"picked":"Anger","floor":6},{"not_picked":["Dark Embrace","Combust"],"picked":"Iron Wave","floor":7},{"not_picked":["Cleave","Uppercut"],"picked":"Metallicize","floor":11},{"not_picked":["Headbutt","Cleave"],"picked":"Hemokinesis","floor":12},{"not_picked":["Thunderclap","Cleave"],"picked":"Rampage","floor":13},{"not_picked":["Headbutt","Heavy Blade"],"picked":"Reaper","floor":14},{"not_picked":["Double Tap","Impervious"],"picked":"Demon Form","floor":16},{"not_picked":["Body Slam","Rampage"],"picked":"Shrug It Off","floor":18},{"not_picked":["Perfected Strike","Clothesline"],"picked":"Flex+1","floor":19},{"not_picked":["Cleave","Entrench"],"picked":"Rage","floor":20},{"not_picked":["Body Slam","Headbutt"],"picked":"Power Through+1","floor":22},{"not_picked":["Whirlwind","Rampage","Armaments"],"picked":"SKIP","floor":24},{"not_picked":["Flex","Offering"],"picked":"Dual Wield+1","floor":27},{"not_picked":["Headbutt","Twin Strike"],"picked":"Pommel Strike","floor":29},{"not_picked":["Power Through","Fire Breathing+1"],"picked":"Ghostly Armor+1","floor":31},{"not_picked":["Corruption","Impervious"],"picked":"Juggernaut","floor":33},{"not_picked":["Intimidate","Blood for Blood+1"],"picked":"Pommel Strike+1","floor":35},{"not_picked":["Body Slam","Anger"],"picked":"Flex+1","floor":36},{"not_picked":["Armaments","Dark Embrace+1"],"picked":"Rupture+1","floor":38},{"not_picked":["Twin Strike","Blood for Blood"],"picked":"Clash+1","floor":39},{"not_picked":["Sword Boomerang+1","Berserk"],"picked":"Blood for Blood+1","floor":40},{"not_picked":["Dropkick","Armaments"],"picked":"Wild Strike+1","floor":44},{"not_picked":["Headbutt","Rage"],"picked":"Wild Strike+1","floor":47}],"player_experience":28753,"relics_obtained":[{"floor":6,"key":"Potion Belt"},{"floor":9,"key":"Self Forming Clay"},{"floor":12,"key":"Pen Nib"},{"floor":13,"key":"Odd Mushroom"},{"floor":21,"key":"Enchiridion"},{"floor":24,"key":"Toy Ornithopter"},{"floor":26,"key":"Ornamental Fan"},{"floor":27,"key":"Boot"},{"floor":36,"key":"Champion Belt"},{"floor":40,"key":"MawBank"},{"floor":43,"key":"Ancient Tea Set"}],"event_choices":[{"cards_removed":["Defend_R"],"damage_healed":0,"gold_gain":0,"player_choice":"Card Removal","damage_taken":0,"max_hp_gain":0,"max_hp_loss":0,"event_name":"The Cleric","floor":2,"gold_loss":50},{"damage_healed":0,"gold_gain":0,"player_choice":"Box","damage_taken":0,"relics_obtained":["Pantograph"],"max_hp_gain":0,"max_hp_loss":0,"event_name":"Big Fish","floor":4,"gold_loss":0,"cards_obtained":["Regret"]},{"damage_healed":0,"gold_gain":0,"player_choice":"Fought Mushrooms","damage_taken":0,"max_hp_gain":0,"max_hp_loss":0,"event_name":"Mushrooms","floor":13,"gold_loss":0},{"damage_healed":0,"gold_gain":0,"player_choice":"Obtained Book","damage_taken":16,"max_hp_gain":0,"max_hp_loss":0,"event_name":"Cursed Tome","floor":21,"gold_loss":0},{"damage_healed":0,"gold_gain":0,"player_choice":"Simplicity","damage_taken":0,"max_hp_gain":0,"max_hp_loss":0,"event_name":"Back to Basics","floor":30,"gold_loss":0,"cards_upgraded":["Strike_R","Strike_R","Defend_R","Defend_R","Defend_R"]},{"damage_healed":0,"gold_gain":0,"player_choice":"Fight","damage_taken":0,"max_hp_gain":0,"max_hp_loss":0,"event_name":"MindBloom","floor":36,"gold_loss":0},{"cards_removed":["Warcry"],"damage_healed":5,"gold_gain":0,"player_choice":"Offered Common","damage_taken":0,"max_hp_gain":0,"max_hp_loss":0,"event_name":"Bonfire Elementals","floor":37,"gold_loss":0},{"cards_removed":["Warcry"],"damage_healed":5,"gold_gain":0,"player_choice":"Offered Special","damage_taken":0,"max_hp_gain":0,"max_hp_loss":0,"event_name":"Bonfire Elementals","floor":37,"gold_loss":0},{"damage_healed":0,"gold_gain":100,"player_choice":"Pray","damage_taken":0,"max_hp_gain":0,"max_hp_loss":0,"event_name":"Golden Shrine","floor":42,"gold_loss":0}],"is_beta":false,"boss_relics":[{"not_picked":["Mark of Pain","SacredBark"],"picked":"Empty Cage"},{"not_picked":["Sozu","Runic Dome"],"picked":"Velvet Choker"}],"items_purged_floors":[28,45],"is_endless":false,"potions_floor_spawned":[5,6,13,22,27,29,36,38,44,47],"killed_by":"Spire Growth","ascension_level":0}