{"gold_per_floor":[110,129,83,93,111,138,138,138,163,163,193,207,207,187,187,284,284,269,282,300,318,318,318],"floor_reached":23,"playtime":2211,"items_purged":[],"score":205,"play_id":"24bd741f-8dc6-4d70-8efa-2d4026f58baf","local_time":"20230721071122","is_ascension_mode":false,"campfire_choices":[{"data":"Armaments","floor":7,"key":"SMITH"},{"data":"Iron Wave","floor":10,"key":"SMITH"},{"data":"Ghostly Armor","floor":13,"key":"SMITH"},{"data":"Infernal Blade","floor":15,"key":"SMITH"}],"neow_cost":"TEN_PERCENT_HP_LOSS","seed_source_timestamp":406782649308200,"circlet_count":0,"master_deck":["Strike_R","Strike_R","Strike_R+1","Strike_R","Strike_R+1","Defend_R","Defend_R","Defend_R","Defend_R","Bash","Fiend Fire+1","Seeing Red","Iron Wave+1","Metallicize","Armaments+1","Shrug It Off","Ghostly Armor+1","Thunderclap","Infernal Blade+1","Reaper","Armaments","Metallicize","Metallicize+1","Power Through"],"relics":["Burning Blood","Whetstone","Dream Catcher","Regal Pillow","Black Star","Boot"],"potions_floor_usage":[16,16],"damage_taken":[{"damage":6,"enemies":"Jaw Worm","floor":1,"turns":2},{"damage":1,"enemies":"Cultist","floor":2,"turns":3},{"damage":2,"enemies":"Small Slimes","floor":4,"turns":3},{"damage":7,"enemies":"2 Fungi Beasts","floor":5,"turns":4},{"damage":26,"enemies":"3 Sentries","floor":6,"turns":11},{"damage":15,"enemies":"Lagavulin","floor":11,"turns":8},{"damage":0,"enemies":"Looter","floor":12,"turns":4},{"damage":0,"enemies":"Exordium Thugs","floor":14,"turns":4},{"damage":40,"enemies":"The Guardian","floor":16,"turns":23},{"damage":24,"enemies":"2 Thieves","floor":18,"turns":4},{"damage":4,"enemies":"Chosen","floor":19,"turns":6},{"damage":13,"enemies":"Centurion and Healer","floor":20,"turns":10},{"damage":9,"enemies":"Shelled Parasite and Fungi","floor":21,"turns":13},{"damage":71,"enemies":"Gremlin Leader","floor":23,"turns":4}],"seed_played":"-3067307225583374833","potions_obtained":[{"floor":1,"key":"SkillPotion"},{"floor":4,"key":"ColorlessPotion"},{"floor":14,"key":"DistilledChaos"},{"floor":16,"key":"Explosive Potion"},{"floor":20,"key":"LiquidMemories"}],"is_trial":false,"path_per_floor":["M","M","?","M","M","E","R","?","T","R","E","M","R","M","R","B",null,"M","M","M","M","?","E"],"character_chosen":"IRONCLAD","items_purchased":[],"campfire_rested":0,"item_purchase_floors":[],"current_hp_per_floor":[72,72,72,72,71,51,51,51,51,51,42,48,48,54,54,20,72,59,65,63,60,60,0],"gold":318,"neow_bonus":"THREE_RARE_CARDS","is_prod":false,"is_daily":false,"chose_seed":false,"campfire_upgraded":4,"win_rate":0,"timestamp":1689948682,"path_taken":["M","M","?","M","M","E","R","?","T","R","E","M","R","?","R","BOSS","M","M","M","M","?","E"],"build_version":"2022-12-18","purchased_purges":0,"victory":false,"max_hp_per_floor":[72,72,72,72,72,72,72,72,72,72,72,72,72,72,72,72,72,72,72,72,72,72,72],"card_choices":[{"not_picked":["Reaper","Immolate"],"picked":"Fiend Fire","floor":0},{"not_picked":["Rampage","Sword Boomerang"],"picked":"Seeing Red","floor":1},{"not_picked":["Clash","Pommel Strike"],"picked":"Iron Wave","floor":2},{"not_picked":["Headbutt","Perfected Strike"],"picked":"Metallicize","floor":4},{"not_picked":["Pommel Strike","True Grit"],"picked":"Armaments","floor":5},{"not_picked":["Reckless Charge","Second Wind"],"picked":"Shrug It Off","floor":6},{"not_picked":["Pommel Strike","Immolate"],"picked":"Ghostly Armor","floor":11},{"not_picked":["Infernal Blade","Intimidate"],"picked":"Thunderclap","floor":12},{"not_picked":["Iron Wave","True Grit"],"picked":"Infernal Blade","floor":14},{"not_picked":["Immolate","Impervious"],"picked":"Reaper","floor":16},{"not_picked":["Clothesline","Blood for Blood"],"picked":"Armaments","floor":18},{"not_picked":["Dual Wield","Blood for Blood"],"picked":"Metallicize","floor":19},{"not_picked":["Dual Wield","Ghostly Armor"],"picked":"Metallicize+1","floor":20},{"not_picked":["Ghostly Armor","Anger"],"picked":"Power Through","floor":21}],"player_experience":44953,"relics_obtained":[{"floor":6,"key":"Whetstone"},{"floor":9,"key":"Dream Catcher"},{"floor":11,"key":"Regal Pillow"}],"event_choices":[{"damage_healed":0,"gold_gain":0,"player_choice":"Left Gold","damage_taken":0,"max_hp_gain":0,"max_hp_loss":0,"event_name":"World of Goop","floor":3,"gold_loss":46},{"damage_healed":0,"gold_gain":0,"player_choice":"Forge","damage_taken":0,"max_hp_gain":0,"max_hp_loss":0,"event_name":"Accursed Blacksmith","floor":8,"gold_loss":0,"cards_upgraded":["Fiend Fire"]},{"damage_healed":0,"gold_gain":0,"player_choice":"Gave Potion","damage_taken":0,"relics_obtained":["Boot"],"max_hp_gain":0,"max_hp_loss":0,"event_name":"WeMeetAgain","floor":22,"gold_loss":0}],"is_beta":false,"boss_relics":[{"not_picked":["Philosopher\u0027s Stone","Astrolabe"],"picked":"Black Star"}],"items_purged_floors":[],"is_endless":false,"potions_floor_spawned":[1,4,14,16,20],"killed_by":"Gremlin Leader","ascension_level":0}