{"gold_per_floor":[110,110,130,148,160,185,185,244,244,255,255,255],"floor_reached":12,"playtime":1030,"items_purged":[],"score":80,"play_id":"3bae3210-a5d6-4001-b453-282e7dd6bffc","local_time":"20230715041707","is_ascension_mode":false,"campfire_choices":[{"data":"Metallicize","floor":7,"key":"SMITH"},{"data":"Bludgeon","floor":11,"key":"SMITH"}],"neow_cost":"NONE","seed_source_timestamp":182457388369300,"circlet_count":0,"master_deck":["Strike_R","Strike_R","Strike_R","Strike_R","Defend_R","Defend_R","Defend_R","Defend_R","Bash","Bludgeon+1","Metallicize+1","True Grit","Carnage","Pommel Strike","Flex"],"relics":["Burning Blood","Bag of Preparation","Boot","Omamori"],"potions_floor_usage":[12,12,12],"damage_taken":[{"damage":6,"enemies":"2 Louse","floor":1,"turns":4},{"damage":0,"enemies":"Small Slimes","floor":3,"turns":3},{"damage":0,"enemies":"Cultist","floor":4,"turns":2},{"damage":10,"enemies":"2 Fungi Beasts","floor":5,"turns":3},{"damage":21,"enemies":"3 Sentries","floor":6,"turns":7},{"damage":31,"enemies":"3 Sentries","floor":8,"turns":6},{"damage":14,"enemies":"Lots of Slimes","floor":10,"turns":6},{"damage":29,"enemies":"Lagavulin","floor":12,"turns":8}],"seed_played":"1535981838170899749","potions_obtained":[{"floor":3,"key":"FearPotion"},{"floor":4,"key":"AttackPotion"},{"floor":8,"key":"ColorlessPotion"}],"is_trial":false,"path_per_floor":["M","?","M","M","M","E","R","?","T","M","R","E"],"character_chosen":"IRONCLAD","items_purchased":[],"campfire_rested":0,"item_purchase_floors":[],"current_hp_per_floor":[80,73,79,80,76,61,61,36,36,28,28,0],"gold":255,"neow_bonus":"ONE_RANDOM_RARE_CARD","is_prod":false,"is_daily":false,"chose_seed":false,"campfire_upgraded":2,"win_rate":0.0,"timestamp":1689419827,"path_taken":["M","?","M","M","M","E","R","?","T","M","R","E"],"build_version":"2022-12-18","purchased_purges":0,"victory":false,"max_hp_per_floor":[80,80,80,80,80,80,80,80,80,80,80,80],"card_choices":[{"not_picked":["Headbutt","Cleave"],"picked":"Metallicize","floor":1},{"not_picked":["Cleave","Shockwave"],"picked":"True Grit","floor":3},{"not_picked":["Bloodletting","Sword Boomerang"],"picked":"Carnage","floor":4},{"not_picked":["Dual Wield","Sword Boomerang"],"picked":"Pommel Strike","floor":5},{"not_picked":["Iron Wave","Hemokinesis"],"picked":"Flex","floor":6},{"not_picked":["Twin Strike","Sever Soul","Cleave"],"picked":"SKIP","floor":10}],"player_experience":19431,"relics_obtained":[{"floor":6,"key":"Bag of Preparation"},{"floor":8,"key":"Boot"},{"floor":9,"key":"Omamori"}],"event_choices":[{"cards_removed":["Strike_R"],"damage_healed":0,"gold_gain":0,"player_choice":"Card Removal","damage_taken":7,"max_hp_gain":0,"max_hp_loss":0,"event_name":"Golden Wing","floor":2,"gold_loss":0},{"damage_healed":0,"gold_gain":0,"player_choice":"Searched \u00272\u0027 times","damage_taken":0,"max_hp_gain":0,"max_hp_loss":0,"event_name":"Dead Adventurer","floor":8,"gold_loss":0}],"is_beta":false,"boss_relics":[],"items_purged_floors":[],"is_endless":false,"potions_floor_spawned":[3,4,8],"killed_by":"Lagavulin","ascension_level":0}