{"gold_per_floor":[111,40,56,71,71,105,105,123,123,123,142,168,168,185,185,284,284,301,316,336,353,366,366,366,366,366,109,121,141,171,184,184,282,282,302,313,0,0,0,29,29,48,73,73,83,8,21,35,35,35],"floor_reached":51,"playtime":3649,"items_purged":["Defend_R"],"score":740,"play_id":"50b6cd70-66b1-42db-acda-af4a95079e0d","local_time":"20230715132818","is_ascension_mode":false,"campfire_choices":[{"data":"Anger","floor":7,"key":"SMITH"},{"data":"Flex","floor":10,"key":"SMITH"},{"data":"Pommel Strike","floor":13,"key":"SMITH"},{"data":"Bash","floor":15,"key":"SMITH"},{"floor":23,"key":"REST"},{"data":"Twin Strike","floor":25,"key":"SMITH"},{"floor":32,"key":"REST"},{"floor":41,"key":"REST"},{"data":"Double Tap","floor":44,"key":"SMITH"},{"floor":49,"key":"REST"}],"neow_cost":"NONE","seed_source_timestamp":212878747750300,"circlet_count":0,"master_deck":["Defend_R","Bash+1","Anger+1","Metallicize","Spot Weakness","Pommel Strike+1","Power Through","Flex+1","Power Through","Cleave","Warcry","Juggernaut","Twin Strike+1","Ghostly Armor","Pummel+1","Power Through","Flex+1","Twin Strike+1","Hemokinesis","Blind","Headbutt","Battle Trance","Sword Boomerang+1","Iron Wave+1","Seeing Red","True Grit+1","Double Tap+1","Bloodletting+1","Hemokinesis+1","Sword Boomerang+1","Flex+1","Heavy Blade+1","Twin Strike+1","Ghostly Armor+1","Heavy Blade+1","Limit Break","Clash+1","Flex+1"],"relics":["Burning Blood","Dream Catcher","Pen Nib","Matryoshka","SacredBark","Darkstone Periapt","Bronze Scales","Brimstone","Oddly Smooth Stone","Astrolabe","Red Mask","Boot","Shuriken","Centennial Puzzle","Nunchaku"],"potions_floor_usage":[16,30,33,33,50,50],"damage_taken":[{"damage":6,"enemies":"Cultist","floor":1,"turns":3},{"damage":15,"enemies":"Small Slimes","floor":3,"turns":3},{"damage":5,"enemies":"Jaw Worm","floor":4,"turns":5},{"damage":15,"enemies":"Lagavulin","floor":6,"turns":6},{"damage":0,"enemies":"Looter","floor":8,"turns":2},{"damage":1,"enemies":"Exordium Wildlife","floor":11,"turns":4},{"damage":16,"enemies":"3 Sentries","floor":12,"turns":8},{"damage":10,"enemies":"Lots of Slimes","floor":14,"turns":3},{"damage":39,"enemies":"Hexaghost","floor":16,"turns":7},{"damage":15,"enemies":"Chosen","floor":18,"turns":5},{"damage":17,"enemies":"Spheric Guardian","floor":19,"turns":4},{"damage":22,"enemies":"Snecko","floor":20,"turns":5},{"damage":30,"enemies":"Shelled Parasite and Fungi","floor":21,"turns":6},{"damage":16,"enemies":"Snake Plant","floor":22,"turns":3},{"damage":2,"enemies":"Centurion and Healer","floor":28,"turns":3},{"damage":10,"enemies":"Shelled Parasite and Fungi","floor":29,"turns":3},{"damage":3,"enemies":"Slavers","floor":30,"turns":2},{"damage":18,"enemies":"Snake Plant","floor":31,"turns":2},{"damage":42,"enemies":"Automaton","floor":33,"turns":6},{"damage":0,"enemies":"Orb Walker","floor":35,"turns":3},{"damage":31,"enemies":"3 Shapes","floor":36,"turns":3},{"damage":41,"enemies":"Giant Head","floor":40,"turns":6},{"damage":10,"enemies":"Writhing Mass","floor":42,"turns":4},{"damage":0,"enemies":"Transient","floor":45,"turns":5},{"damage":0,"enemies":"3 Darklings","floor":47,"turns":3},{"damage":20,"enemies":"Maw","floor":48,"turns":4},{"damage":81,"enemies":"Donu and Deca","floor":50,"turns":7}],"seed_played":"380035158119895697","potions_obtained":[{"floor":1,"key":"Regen Potion"},{"floor":8,"key":"Energy Potion"},{"floor":11,"key":"SteroidPotion"},{"floor":16,"key":"FairyPotion"},{"floor":20,"key":"DuplicationPotion"},{"floor":31,"key":"LiquidBronze"},{"floor":36,"key":"Weak Potion"},{"floor":40,"key":"SpeedPotion"}],"is_trial":false,"path_per_floor":["M","$","M","M","?","E","R","M","T","R","M","E","R","M","R","B",null,"M","M","M","M","M","R","?","R","T","$","M","M","E","M","R","B",null,"M","M","?","T","?","E","R","M","T","R","M","$","M","M","R","B",null],"character_chosen":"IRONCLAD","items_purchased":["Metallicize","Brimstone","Blind","Headbutt"],"campfire_rested":4,"item_purchase_floors":[2,27,27,27],"current_hp_per_floor":[80,80,71,72,80,71,71,77,77,77,80,70,70,66,66,45,80,71,60,44,20,10,34,34,34,34,34,38,34,37,25,49,13,80,80,55,55,55,55,20,44,40,40,40,46,46,52,38,62,54],"gold":35,"neow_bonus":"TRANSFORM_CARD","is_prod":false,"is_daily":false,"chose_seed":false,"campfire_upgraded":6,"win_rate":0.0,"timestamp":1689452898,"path_taken":["M","$","M","M","?","E","R","M","T","R","M","E","R","?","R","BOSS","M","M","M","M","M","R","?","R","T","$","M","M","E","M","R","BOSS","M","M","?","?","?","E","R","M","T","R","?","?","M","M","R","BOSS"],"build_version":"2022-12-18","purchased_purges":1,"victory":true,"max_hp_per_floor":[80,80,80,80,80,80,80,80,80,80,80,80,80,80,80,80,80,80,80,80,80,80,80,80,80,80,80,80,80,80,80,80,80,80,80,80,80,80,80,80,80,80,80,80,80,80,80,80,80,80],"card_choices":[{"not_picked":["Hemokinesis","Pommel Strike"],"picked":"Anger","floor":1},{"not_picked":["Carnage","Body Slam"],"picked":"Spot Weakness","floor":3},{"not_picked":["Warcry","Hemokinesis"],"picked":"Pommel Strike","floor":4},{"not_picked":["Headbutt","Brutality"],"picked":"Power Through","floor":6},{"not_picked":["Ghostly Armor","Body Slam"],"picked":"Flex","floor":8},{"not_picked":["Perfected Strike","Blood for Blood"],"picked":"Power Through","floor":11},{"not_picked":["Rupture","Clothesline"],"picked":"Cleave","floor":12},{"not_picked":["Perfected Strike","Armaments"],"picked":"Warcry","floor":14},{"not_picked":["Berserk","Corruption"],"picked":"Juggernaut","floor":16},{"not_picked":["Flex","Pommel Strike"],"picked":"Twin Strike+1","floor":18},{"not_picked":["Clothesline","Shockwave"],"picked":"Ghostly Armor","floor":19},{"not_picked":["Headbutt","Berserk"],"picked":"Pummel+1","floor":20},{"not_picked":["Sword Boomerang","Cleave"],"picked":"Power Through","floor":21},{"not_picked":["Body Slam","Battle Trance"],"picked":"Flex+1","floor":22},{"not_picked":["Burning Pact","Clothesline+1"],"picked":"Battle Trance","floor":28},{"not_picked":["Heavy Blade","Twin Strike"],"picked":"Sword Boomerang+1","floor":29},{"not_picked":["Pommel Strike","Second Wind"],"picked":"Iron Wave+1","floor":30},{"not_picked":["Flex","Headbutt"],"picked":"Seeing Red","floor":31},{"not_picked":["Pommel Strike","Dual Wield"],"picked":"True Grit+1","floor":32},{"not_picked":["Corruption","Impervious"],"picked":"Double Tap","floor":33},{"not_picked":["Clothesline","Twin Strike+1"],"picked":"Flex+1","floor":35},{"not_picked":["Body Slam+1","Uppercut+1"],"picked":"Heavy Blade+1","floor":36},{"not_picked":["Blood for Blood","Fire Breathing+1"],"picked":"Twin Strike+1","floor":40},{"not_picked":["Warcry+1","Intimidate+1"],"picked":"Ghostly Armor+1","floor":41},{"not_picked":["Shrug It Off+1","Body Slam+1"],"picked":"Heavy Blade+1","floor":42},{"not_picked":["Anger","Sword Boomerang"],"picked":"Limit Break","floor":45},{"not_picked":["Whirlwind","Flex","Feel No Pain+1"],"picked":"SKIP","floor":47},{"not_picked":["Iron Wave","True Grit+1"],"picked":"Clash+1","floor":48},{"not_picked":["Warcry+1","Iron Wave+1"],"picked":"Flex+1","floor":49}],"player_experience":20461,"relics_obtained":[{"floor":6,"key":"Dream Catcher"},{"floor":9,"key":"Pen Nib"},{"floor":12,"key":"Matryoshka"},{"floor":26,"key":"Darkstone Periapt"},{"floor":26,"key":"Bronze Scales"},{"floor":30,"key":"Oddly Smooth Stone"},{"floor":38,"key":"Boot"},{"floor":38,"key":"Shuriken"},{"floor":40,"key":"Centennial Puzzle"},{"floor":43,"key":"Nunchaku"}],"event_choices":[{"cards_removed":["Burning Pact"],"damage_healed":8,"gold_gain":0,"player_choice":"Offered Uncommon","damage_taken":0,"max_hp_gain":0,"max_hp_loss":0,"event_name":"Bonfire Elementals","floor":5,"gold_loss":0},{"damage_healed":0,"gold_gain":0,"cards_transformed":["Strike_R","Strike_R"],"player_choice":"Became Test Subject","damage_taken":0,"max_hp_gain":0,"max_hp_loss":0,"event_name":"Drug Dealer","floor":24,"gold_loss":0,"cards_obtained":["Twin Strike","Hemokinesis"]},{"damage_healed":0,"gold_gain":0,"player_choice":"Paid","damage_taken":0,"relics_obtained":["Red Mask"],"max_hp_gain":0,"max_hp_loss":0,"event_name":"Tomb of Lord Red Mask","floor":37,"gold_loss":313},{"cards_removed":["Defend_R"],"damage_healed":0,"gold_gain":0,"player_choice":"Removed Skill","damage_taken":0,"max_hp_gain":0,"max_hp_loss":0,"event_name":"Falling","floor":39,"gold_loss":0}],"is_beta":false,"boss_relics":[{"not_picked":["Calling Bell","Philosopher\u0027s Stone"],"picked":"SacredBark"},{"not_picked":["Runic Cube","Snecko Eye"],"picked":"Astrolabe"}],"items_purged_floors":[46],"is_endless":false,"potions_floor_spawned":[1,8,11,12,16,18,20,21,31,36,40,42,48],"ascension_level":0}