{"gold_per_floor":[119,119,134,147,147,147,179,179,179,189,200,257,273,287,287,287],"floor_reached":16,"playtime":1541,"items_purged":[],"score":104,"play_id":"7aaac3fd-8690-4517-b566-86a4ea282d00","local_time":"20230714225255","is_ascension_mode":false,"campfire_choices":[{"data":"Bash","floor":6,"key":"SMITH"},{"data":"Cleave","floor":8,"key":"SMITH"},{"data":"Shrug It Off","floor":15,"key":"SMITH"}],"neow_cost":"","seed_source_timestamp":162487141685500,"circlet_count":0,"master_deck":["Strike_R","Strike_R","Strike_R","Strike_R","Strike_R","Defend_R","Defend_R","Defend_R","Defend_R","Bash+1","Bloodletting","Pommel Strike","Uppercut","Cleave+1","Power Through","Shrug It Off+1","Brutality+1","Body Slam"],"relics":["Burning Blood","WingedGreaves","Bag of Preparation","Frozen Egg 2"],"potions_floor_usage":[16],"damage_taken":[{"damage":6,"enemies":"Jaw Worm","floor":1,"turns":3},{"damage":13,"enemies":"Small Slimes","floor":3,"turns":3},{"damage":10,"enemies":"2 Louse","floor":4,"turns":3},{"damage":24,"enemies":"Lagavulin","floor":7,"turns":5},{"damage":5,"enemies":"2 Fungi Beasts","floor":10,"turns":3},{"damage":3,"enemies":"Looter","floor":11,"turns":3},{"damage":5,"enemies":"Lots of Slimes","floor":13,"turns":3},{"damage":7,"enemies":"Blue Slaver","floor":14,"turns":3},{"damage":49,"enemies":"The Guardian","floor":16,"turns":9}],"seed_played":"-5047966556854381471","potions_obtained":[{"floor":1,"key":"DistilledChaos"},{"floor":3,"key":"LiquidBronze"},{"floor":10,"key":"Block Potion"},{"floor":11,"key":"Energy Potion"}],"is_trial":false,"path_per_floor":["M","$","M","M","?","R","E","R","T","M","M","?","M","M","R","B"],"character_chosen":"IRONCLAD","items_purchased":[],"campfire_rested":0,"item_purchase_floors":[],"current_hp_per_floor":[80,80,73,69,62,62,44,44,44,45,48,48,49,48,48,0],"gold":287,"neow_bonus":"","is_prod":false,"is_daily":false,"chose_seed":false,"campfire_upgraded":3,"win_rate":0.0,"timestamp":1689400375,"path_taken":["M","$","M","M","?","R","E","R","T","M","M","?","M","M","R","BOSS"],"build_version":"2022-12-18","purchased_purges":0,"victory":false,"max_hp_per_floor":[80,80,80,80,80,80,80,80,80,80,80,80,80,80,80,80],"card_choices":[{"not_picked":["Sword Boomerang","Burning Pact"],"picked":"Bloodletting","floor":1},{"not_picked":["Combust","Flame Barrier"],"picked":"Pommel Strike","floor":3},{"not_picked":["Twin Strike","Warcry"],"picked":"Uppercut","floor":4},{"not_picked":["Armaments","Anger"],"picked":"Cleave","floor":7},{"not_picked":["Dark Embrace+1","Clothesline"],"picked":"Power Through","floor":10},{"not_picked":["Flex","Anger"],"picked":"Shrug It Off","floor":11},{"not_picked":["Flame Barrier","True Grit"],"picked":"Brutality+1","floor":13},{"not_picked":["Thunderclap","Warcry"],"picked":"Body Slam","floor":14}],"player_experience":0,"relics_obtained":[{"floor":7,"key":"Bag of Preparation"},{"floor":9,"key":"Frozen Egg 2"}],"event_choices":[{"damage_healed":0,"gold_gain":0,"player_choice":"Success","damage_taken":7,"relics_obtained":["WingedGreaves"],"max_hp_gain":0,"max_hp_loss":0,"event_name":"Scrap Ooze","floor":5,"gold_loss":0},{"damage_healed":0,"gold_gain":57,"player_choice":"Gained Gold","damage_taken":0,"max_hp_gain":0,"max_hp_loss":0,"event_name":"Golden Wing","floor":12,"gold_loss":0}],"is_beta":false,"boss_relics":[],"items_purged_floors":[],"is_endless":false,"potions_floor_spawned":[1,3,10,11],"killed_by":"The Guardian","ascension_level":0}