{"gold_per_floor":[115,130,142,0,17,48,48,75,124,124,140,140,159,159,159,258,258,276,276,286,286,286],"floor_reached":22,"playtime":1410,"items_purged":[],"score":196,"play_id":"a0869c11-4054-4179-882a-27faf06573d8","local_time":"20230715025005","is_ascension_mode":false,"campfire_choices":[{"data":"Carnage","floor":7,"key":"SMITH"},{"floor":10,"key":"REST"},{"data":"Heavy Blade","floor":15,"key":"SMITH"}],"neow_cost":"NONE","seed_source_timestamp":176855186406000,"circlet_count":0,"master_deck":["Strike_R","Strike_R","Strike_R","Strike_R","Defend_R","Defend_R","Defend_R","Defend_R","Bash","Panacea","Infernal Blade","Dual Wield","Perfected Strike","Flash of Steel","Heavy Blade+1","Carnage+1","Headbutt+1","Clash+1","Iron Wave+1","Headbutt+1","Heavy Blade+1","Demon Form","Pommel Strike+1","Iron Wave+1"],"relics":["Burning Blood","Molten Egg 2","Gremlin Horn","Vajra","Runic Cube","Potion Belt"],"potions_floor_usage":[16,16],"damage_taken":[{"damage":3,"enemies":"Small Slimes","floor":1,"turns":4},{"damage":0,"enemies":"Cultist","floor":2,"turns":2},{"damage":5,"enemies":"2 Louse","floor":3,"turns":3},{"damage":0,"enemies":"Large Slime","floor":5,"turns":4},{"damage":37,"enemies":"3 Sentries","floor":6,"turns":7},{"damage":28,"enemies":"Gremlin Nob","floor":8,"turns":4},{"damage":1,"enemies":"2 Fungi Beasts","floor":11,"turns":2},{"damage":0,"enemies":"Blue Slaver","floor":13,"turns":2},{"damage":33,"enemies":"Hexaghost","floor":16,"turns":7},{"damage":30,"enemies":"2 Thieves","floor":18,"turns":3},{"damage":15,"enemies":"Shell Parasite","floor":20,"turns":4},{"damage":32,"enemies":"Centurion and Healer","floor":22,"turns":3}],"seed_played":"8259872983753746904","potions_obtained":[{"floor":6,"key":"Fire Potion"},{"floor":8,"key":"EssenceOfSteel"},{"floor":13,"key":"SpeedPotion"},{"floor":16,"key":"FearPotion"},{"floor":18,"key":"DistilledChaos"}],"is_trial":false,"path_per_floor":["M","M","M","$","M","E","R","E","T","R","M","?","M","?","R","B",null,"M","?","M","?","M"],"character_chosen":"IRONCLAD","items_purchased":["Flash of Steel","Heavy Blade"],"campfire_rested":1,"item_purchase_floors":[4,4],"current_hp_per_floor":[80,80,80,80,80,49,49,27,27,51,56,56,62,62,62,35,80,56,41,32,32,0],"gold":286,"neow_bonus":"RANDOM_COLORLESS","is_prod":false,"is_daily":false,"chose_seed":false,"campfire_upgraded":2,"win_rate":0.0,"timestamp":1689414605,"path_taken":["M","M","M","$","M","E","R","E","T","R","M","?","?","?","R","BOSS","M","?","M","?","M"],"build_version":"2022-12-18","purchased_purges":0,"victory":false,"max_hp_per_floor":[80,80,80,80,80,80,80,80,80,80,80,80,80,80,80,80,80,80,85,85,85,85],"card_choices":[{"not_picked":["Impatience","Madness"],"picked":"Panacea","floor":0},{"not_picked":["Pummel","Anger"],"picked":"Infernal Blade","floor":1},{"not_picked":["Armaments","Whirlwind"],"picked":"Dual Wield","floor":2},{"not_picked":["Combust","Armaments"],"picked":"Perfected Strike","floor":3},{"not_picked":["Body Slam","Power Through"],"picked":"Carnage","floor":5},{"not_picked":["Metallicize","Whirlwind+1"],"picked":"Headbutt+1","floor":6},{"not_picked":["Dual Wield","Thunderclap+1"],"picked":"Clash+1","floor":8},{"not_picked":["Burning Pact","Headbutt+1"],"picked":"Iron Wave+1","floor":11},{"not_picked":["Searing Blow+1","Bludgeon+1"],"picked":"Heavy Blade+1","floor":13},{"not_picked":["Berserk","Corruption"],"picked":"Demon Form","floor":16},{"not_picked":["Intimidate","Body Slam+1"],"picked":"Pommel Strike+1","floor":18},{"not_picked":["Sword Boomerang+1","Headbutt+1"],"picked":"Iron Wave+1","floor":20}],"player_experience":13945,"relics_obtained":[{"floor":6,"key":"Molten Egg 2"},{"floor":8,"key":"Gremlin Horn"},{"floor":9,"key":"Vajra"}],"event_choices":[{"damage_healed":0,"gold_gain":0,"cards_transformed":["Strike_R"],"player_choice":"Transformed","damage_taken":0,"max_hp_gain":0,"max_hp_loss":0,"event_name":"Transmorgrifier","floor":12,"gold_loss":0,"cards_obtained":["Headbutt"]},{"damage_healed":0,"gold_gain":0,"player_choice":"Ignored","damage_taken":0,"max_hp_gain":0,"max_hp_loss":0,"event_name":"Liars Game","floor":14,"gold_loss":0},{"damage_healed":0,"gold_gain":0,"player_choice":"Shed Blood","damage_taken":20,"max_hp_gain":5,"max_hp_loss":0,"event_name":"Forgotten Altar","floor":19,"gold_loss":0},{"damage_healed":0,"gold_gain":0,"player_choice":"Opened","damage_taken":0,"relics_obtained":["Potion Belt"],"max_hp_gain":0,"max_hp_loss":0,"event_name":"The Mausoleum","floor":21,"gold_loss":0}],"is_beta":false,"boss_relics":[{"not_picked":["Busted Crown","Mark of Pain"],"picked":"Runic Cube"}],"items_purged_floors":[],"is_endless":false,"potions_floor_spawned":[6,8,13,16,18],"killed_by":"Centurion and Healer","ascension_level":0}