{"gold_per_floor":[119,137,212,231,251,251,278,278,278,48,67,67,67,87,87,183,233,244,228,238,249,261,261,261,261,288,288,308,319,319,344,344,446,446,462,482,482],"floor_reached":37,"playtime":2678,"items_purged":["Strike_R"],"score":420,"play_id":"f8808934-4a5f-44ba-9c12-762e622c8770","local_time":"20230715232211","is_ascension_mode":false,"campfire_choices":[{"data":"Flame Barrier","floor":6,"key":"SMITH"},{"data":"Demon Form","floor":8,"key":"SMITH"},{"data":"Anger","floor":12,"key":"SMITH"},{"data":"Anger","floor":15,"key":"SMITH"},{"data":"Reckless Charge","floor":23,"key":"SMITH"},{"floor":30,"key":"REST"},{"floor":32,"key":"REST"}],"neow_cost":"NONE","seed_source_timestamp":249510177826900,"circlet_count":0,"master_deck":["Strike_R","Strike_R","Strike_R+1","Strike_R","Defend_R+1","Defend_R","Defend_R","Defend_R","Bash","Flame Barrier+1","Headbutt+1","Iron Wave","Shrug It Off","Demon Form+1","Anger+1","Anger+1","Double Tap","Disarm","Body Slam","Flex","Second Wind+1","Clash","Reckless Charge+1","Necronomicurse","Rage","Bloodletting+1","Flex+1","Fiend Fire","True Grit+1","Heavy Blade"],"relics":["Burning Blood","Nunchaku","Pantograph","Ginger","Orichalcum","Tiny House","Necronomicon","Juzu Bracelet","Ice Cream","SacredBark"],"potions_floor_usage":[16,16,29,33,33],"damage_taken":[{"damage":9,"enemies":"Small Slimes","floor":1,"turns":6},{"damage":6,"enemies":"2 Louse","floor":2,"turns":4},{"damage":2,"enemies":"Jaw Worm","floor":4,"turns":5},{"damage":4,"enemies":"Blue Slaver","floor":5,"turns":5},{"damage":38,"enemies":"Gremlin Nob","floor":7,"turns":5},{"damage":1,"enemies":"Large Slime","floor":11,"turns":4},{"damage":0,"enemies":"3 Louse","floor":14,"turns":3},{"damage":31,"enemies":"Hexaghost","floor":16,"turns":8},{"damage":10,"enemies":"Spheric Guardian","floor":18,"turns":4},{"damage":4,"enemies":"2 Thieves","floor":19,"turns":4},{"damage":15,"enemies":"Chosen and Byrds","floor":20,"turns":6},{"damage":6,"enemies":"Snake Plant","floor":21,"turns":4},{"damage":25,"enemies":"Sentry and Sphere","floor":22,"turns":6},{"damage":0,"enemies":"Centurion and Healer","floor":28,"turns":4},{"damage":27,"enemies":"Snecko","floor":29,"turns":5},{"damage":20,"enemies":"Book of Stabbing","floor":31,"turns":7},{"damage":45,"enemies":"Champ","floor":33,"turns":8},{"damage":50,"enemies":"3 Shapes","floor":35,"turns":8},{"damage":42,"enemies":"Orb Walker","floor":36,"turns":7},{"damage":32,"enemies":"Transient","floor":37,"turns":4}],"seed_played":"6609524893681915997","potions_obtained":[{"floor":4,"key":"Dexterity Potion"},{"floor":7,"key":"AttackPotion"},{"floor":14,"key":"Fruit Juice"},{"floor":16,"key":"Swift Potion"},{"floor":17,"key":"ElixirPotion"},{"floor":19,"key":"DuplicationPotion"},{"floor":20,"key":"FearPotion"},{"floor":28,"key":"DistilledChaos"},{"floor":31,"key":"Dexterity Potion"}],"is_trial":false,"path_per_floor":["M","M","?","M","M","R","E","R","T","$","M","R","?","M","R","B",null,"M","M","M","M","M","R","?","?","T","?","M","M","R","E","R","B",null,"M","M","M"],"character_chosen":"IRONCLAD","items_purchased":["Orichalcum"],"campfire_rested":2,"item_purchase_floors":[10],"current_hp_per_floor":[77,77,66,70,72,72,40,40,40,40,45,45,29,35,35,40,90,86,88,79,79,60,60,44,26,26,26,32,11,39,25,53,39,95,51,15,0],"gold":482,"neow_bonus":"RANDOM_COMMON_RELIC","is_prod":false,"is_daily":false,"chose_seed":false,"campfire_upgraded":5,"win_rate":0,"timestamp":1689488531,"path_taken":["M","M","?","M","M","R","E","R","T","$","M","R","?","M","R","BOSS","M","M","M","M","M","R","?","?","T","?","M","M","R","E","R","BOSS","M","M","M"],"build_version":"2022-12-18","purchased_purges":1,"victory":false,"max_hp_per_floor":[80,80,80,80,80,80,80,80,80,80,80,80,80,80,80,85,90,90,90,90,90,90,90,90,95,95,95,95,95,95,95,95,95,95,95,95,95],"card_choices":[{"not_picked":["Heavy Blade","Armaments"],"picked":"Flame Barrier","floor":1},{"not_picked":["Clothesline","Perfected Strike"],"picked":"Headbutt","floor":2},{"not_picked":["Cleave","Wild Strike"],"picked":"Iron Wave","floor":4},{"not_picked":["Hemokinesis","Heavy Blade"],"picked":"Shrug It Off","floor":5},{"not_picked":["Dark Embrace","Wild Strike"],"picked":"Demon Form","floor":7},{"not_picked":["Shockwave","Headbutt"],"picked":"Anger","floor":11},{"not_picked":["True Grit","Perfected Strike"],"picked":"Anger","floor":14},{"not_picked":["Immolate","Barricade"],"picked":"Double Tap","floor":16},{"not_picked":["Uppercut","Thunderclap"],"picked":"Disarm","floor":17},{"not_picked":["Iron Wave","Twin Strike"],"picked":"Body Slam","floor":18},{"not_picked":["Fire Breathing","Dark Embrace+1"],"picked":"Flex","floor":19},{"not_picked":["Clothesline","Body Slam+1"],"picked":"Second Wind+1","floor":20},{"not_picked":["Body Slam+1","Cleave"],"picked":"Clash","floor":21},{"not_picked":["Rupture","Clothesline+1"],"picked":"Reckless Charge","floor":22},{"not_picked":["Warcry","Rampage"],"picked":"Rage","floor":28},{"not_picked":["Seeing Red","Body Slam"],"picked":"Bloodletting+1","floor":29},{"not_picked":["Entrench","Clothesline"],"picked":"Flex+1","floor":31},{"not_picked":["Reaper","Demon Form"],"picked":"Fiend Fire","floor":33},{"not_picked":["Clash","Whirlwind+1"],"picked":"True Grit+1","floor":35},{"not_picked":["Ghostly Armor","Uppercut"],"picked":"Heavy Blade","floor":36}],"player_experience":26075,"relics_obtained":[{"floor":7,"key":"Pantograph"},{"floor":9,"key":"Ginger"},{"floor":24,"key":"Necronomicon"},{"floor":26,"key":"Juzu Bracelet"},{"floor":31,"key":"Ice Cream"}],"event_choices":[{"damage_healed":0,"gold_gain":75,"player_choice":"Gather Gold","damage_taken":11,"max_hp_gain":0,"max_hp_loss":0,"event_name":"World of Goop","floor":3,"gold_loss":0},{"damage_healed":0,"gold_gain":0,"player_choice":"Entered Light","damage_taken":16,"max_hp_gain":0,"max_hp_loss":0,"event_name":"Shining Light","floor":13,"gold_loss":0,"cards_upgraded":["Defend_R","Headbutt"]},{"damage_healed":0,"gold_gain":0,"player_choice":"Obtained Book","damage_taken":16,"max_hp_gain":0,"max_hp_loss":0,"event_name":"Cursed Tome","floor":24,"gold_loss":0},{"damage_healed":0,"gold_gain":0,"player_choice":"Shed Blood","damage_taken":23,"max_hp_gain":5,"max_hp_loss":0,"event_name":"Forgotten Altar","floor":25,"gold_loss":0},{"damage_healed":0,"gold_gain":0,"player_choice":"Ignored","damage_taken":0,"max_hp_gain":0,"max_hp_loss":0,"event_name":"Ghosts","floor":27,"gold_loss":0}],"is_beta":false,"boss_relics":[{"not_picked":["Coffee Dripper","Black Blood"],"picked":"Tiny House"},{"not_picked":["Philosopher\u0027s Stone","Sozu"],"picked":"SacredBark"}],"items_purged_floors":[10],"is_endless":false,"potions_floor_spawned":[4,7,14,16,19,20,28,31],"killed_by":"Transient","ascension_level":0}