{"gold_per_floor":[112,131,145,145,157,188,188,198,272,292,308,340,12,22,22,22],"floor_reached":16,"playtime":1365,"items_purged":[],"score":116,"play_id":"a81d94ae-3955-4e15-97f7-859c481da336","local_time":"20230715022620","is_ascension_mode":false,"campfire_choices":[{"data":"Pommel Strike","floor":15,"key":"SMITH"}],"neow_cost":"TEN_PERCENT_HP_LOSS","seed_source_timestamp":175475196273000,"circlet_count":0,"master_deck":["Strike_R","Strike_R","Strike_R","Strike_R","Defend_R","Defend_R","Defend_R","Defend_R","Bash","Secret Weapon","Infernal Blade","Heavy Blade","Bloodletting","Cleave","Flex","Iron Wave","Anger","Sever Soul","Inflame+1","Pommel Strike+1","Blood for Blood","Pommel Strike","Impatience"],"relics":["Burning Blood","Dream Catcher","Frozen Egg 2","Pocketwatch","Toolbox"],"potions_floor_usage":[12,12,12,16],"damage_taken":[{"damage":13,"enemies":"Jaw Worm","floor":1,"turns":3},{"damage":6,"enemies":"Cultist","floor":2,"turns":3},{"damage":7,"enemies":"Small Slimes","floor":3,"turns":3},{"damage":12,"enemies":"Blue Slaver","floor":5,"turns":3},{"damage":21,"enemies":"Gremlin Nob","floor":6,"turns":4},{"damage":5,"enemies":"Large Slime","floor":8,"turns":6},{"damage":16,"enemies":"2 Fungi Beasts","floor":10,"turns":3},{"damage":1,"enemies":"3 Louse","floor":11,"turns":2},{"damage":24,"enemies":"Lagavulin","floor":12,"turns":6},{"damage":12,"enemies":"Exordium Thugs","floor":14,"turns":4},{"damage":29,"enemies":"The Guardian","floor":16,"turns":7}],"seed_played":"-8651078859199451018","potions_obtained":[{"floor":3,"key":"LiquidBronze"},{"floor":6,"key":"FearPotion"},{"floor":8,"key":"EssenceOfSteel"},{"floor":10,"key":"BloodPotion"},{"floor":14,"key":"DuplicationPotion"}],"is_trial":false,"path_per_floor":["M","M","M","?","M","E","?","M","T","M","M","E","$","M","R","B"],"character_chosen":"IRONCLAD","items_purchased":["Toolbox","Blood for Blood","Pommel Strike","Impatience"],"campfire_rested":0,"item_purchase_floors":[13,13,13,13],"current_hp_per_floor":[65,65,64,64,58,43,43,44,44,34,39,35,35,29,29,0],"gold":22,"neow_bonus":"RANDOM_COLORLESS_2","is_prod":false,"is_daily":false,"chose_seed":false,"campfire_upgraded":1,"win_rate":0.0,"timestamp":1689413180,"path_taken":["M","M","M","?","M","E","?","M","T","M","?","E","$","M","R","BOSS"],"build_version":"2022-12-18","purchased_purges":0,"victory":false,"max_hp_per_floor":[72,72,72,72,72,72,72,72,72,72,72,72,72,72,72,72],"card_choices":[{"not_picked":["Metamorphosis","Secret Technique"],"picked":"Secret Weapon","floor":0},{"not_picked":["Thunderclap","Clothesline"],"picked":"Infernal Blade","floor":1},{"not_picked":["Anger","Searing Blow"],"picked":"Heavy Blade","floor":2},{"not_picked":["Carnage","Warcry"],"picked":"Bloodletting","floor":3},{"not_picked":["Hemokinesis","Warcry"],"picked":"Cleave","floor":5},{"not_picked":["Barricade","Pommel Strike"],"picked":"Flex","floor":6},{"not_picked":["Perfected Strike","Sword Boomerang"],"picked":"Anger","floor":8},{"not_picked":["Clothesline","Dark Embrace+1"],"picked":"Sever Soul","floor":10},{"not_picked":["Anger","Cleave"],"picked":"Inflame+1","floor":11},{"not_picked":["True Grit","Body Slam"],"picked":"Pommel Strike","floor":12},{"not_picked":["Armaments","Twin Strike","Shockwave"],"picked":"SKIP","floor":14}],"player_experience":12580,"relics_obtained":[{"floor":6,"key":"Dream Catcher"},{"floor":9,"key":"Frozen Egg 2"},{"floor":12,"key":"Pocketwatch"}],"event_choices":[{"damage_healed":0,"gold_gain":0,"player_choice":"Leave","damage_taken":0,"max_hp_gain":0,"max_hp_loss":0,"event_name":"The Cleric","floor":4,"gold_loss":0},{"cards_removed":["Strike_R"],"damage_healed":0,"gold_gain":0,"player_choice":"Took Card","damage_taken":0,"max_hp_gain":0,"max_hp_loss":0,"event_name":"NoteForYourself","floor":7,"gold_loss":0,"cards_obtained":["Iron Wave"]}],"is_beta":false,"boss_relics":[],"items_purged_floors":[],"is_endless":false,"potions_floor_spawned":[3,6,8,10,11,14],"killed_by":"The Guardian","ascension_level":0}