{"gold_per_floor":[113,130,144,158,175,175,201,213,272,295,317,355,386,416,428,543,555,587,616,628,14,34,51,68,68,68,68,93,93,93,122,122,122],"floor_reached":33,"playtime":2623,"items_purged":["Rupture"],"score":308,"play_id":"6f06da19-a7d0-4303-ab24-497e7b9090f4","local_time":"20230715035945","is_ascension_mode":false,"campfire_choices":[{"data":"Anger","floor":6,"key":"SMITH"},{"data":"Dropkick","floor":8,"key":"SMITH"},{"floor":15,"key":"REST"},{"floor":25,"key":"REST"},{"floor":27,"key":"REST"},{"data":"Ghostly Armor","floor":29,"key":"SMITH"},{"data":"Shrug It Off","floor":32,"key":"SMITH"}],"neow_cost":"NONE","seed_source_timestamp":179821606433300,"circlet_count":0,"master_deck":["Defend_R","Defend_R","Defend_R","Defend_R","Bash+1","Anger+1","Dropkick+1","Ghostly Armor+1","Heavy Blade","Dropkick","Cleave","Shrug It Off+1","Iron Wave","Juggernaut","Ghostly Armor+1","Body Slam","Finesse","PathToVictory","Conserve Battery","Magnetism","Bite","Bite","Bite","Bite","Bite","Flechettes+1"],"relics":["Burning Blood","MawBank","Strawberry","Self Forming Clay","Sozu","PrismaticShard","Ancient Tea Set","Toy Ornithopter","HornCleat","PreservedInsect","Red Mask"],"potions_floor_usage":[12,12,16,16,16],"damage_taken":[{"damage":5,"enemies":"Small Slimes","floor":1,"turns":5},{"damage":11,"enemies":"Jaw Worm","floor":2,"turns":2},{"damage":2,"enemies":"2 Louse","floor":3,"turns":2},{"damage":11,"enemies":"Exordium Wildlife","floor":4,"turns":5},{"damage":8,"enemies":"2 Fungi Beasts","floor":5,"turns":3},{"damage":43,"enemies":"3 Sentries","floor":7,"turns":10},{"damage":2,"enemies":"Blue Slaver","floor":10,"turns":3},{"damage":13,"enemies":"Exordium Thugs","floor":11,"turns":3},{"damage":36,"enemies":"Lagavulin","floor":12,"turns":4},{"damage":6,"enemies":"3 Louse","floor":13,"turns":3},{"damage":0,"enemies":"Looter","floor":14,"turns":2},{"damage":23,"enemies":"Hexaghost","floor":16,"turns":11},{"damage":12,"enemies":"Shell Parasite","floor":18,"turns":5},{"damage":19,"enemies":"Spheric Guardian","floor":19,"turns":6},{"damage":6,"enemies":"Centurion and Healer","floor":22,"turns":6},{"damage":20,"enemies":"Shelled Parasite and Fungi","floor":23,"turns":7},{"damage":28,"enemies":"Cultist and Chosen","floor":24,"turns":7},{"damage":10,"enemies":"Book of Stabbing","floor":28,"turns":5},{"damage":31,"enemies":"Masked Bandits","floor":31,"turns":6},{"damage":81,"enemies":"Collector","floor":33,"turns":7}],"seed_played":"6854919485397763184","potions_obtained":[{"floor":2,"key":"LiquidMemories"},{"floor":3,"key":"AttackPotion"},{"floor":5,"key":"Strength Potion"},{"floor":12,"key":"EssenceOfSteel"},{"floor":13,"key":"EssenceOfSteel"},{"floor":14,"key":"FearPotion"}],"is_trial":false,"path_per_floor":["M","M","M","M","M","R","E","R","T","M","M","E","M","M","R","B",null,"M","M","?","$","M","M","M","R","T","R","E","R","?","?","R","B"],"character_chosen":"IRONCLAD","items_purchased":["PrismaticShard","Ancient Tea Set","Toy Ornithopter","Finesse"],"campfire_rested":3,"item_purchase_floors":[21,21,21,21],"current_hp_per_floor":[80,75,79,74,72,72,35,35,42,46,39,9,9,15,41,24,87,81,68,51,51,51,37,15,42,42,69,65,65,64,47,47,0],"gold":122,"neow_bonus":"UPGRADE_CARD","is_prod":false,"is_daily":false,"chose_seed":false,"campfire_upgraded":4,"win_rate":0.0,"timestamp":1689418785,"path_taken":["M","M","M","M","M","R","E","R","T","M","M","E","M","M","R","BOSS","M","M","?","$","M","M","M","R","T","R","E","R","?","?","R","BOSS"],"build_version":"2022-12-18","purchased_purges":1,"victory":false,"max_hp_per_floor":[80,80,80,80,80,80,80,80,87,87,87,87,87,87,87,87,87,87,87,92,92,92,92,92,92,92,92,92,92,64,64,64,64],"card_choices":[{"not_picked":["Twin Strike","Feel No Pain"],"picked":"Anger","floor":1},{"not_picked":["Anger","Disarm"],"picked":"Dropkick","floor":2},{"not_picked":["Body Slam","Twin Strike"],"picked":"Rupture","floor":3},{"not_picked":["Body Slam","Fiend Fire"],"picked":"Ghostly Armor","floor":4},{"not_picked":["Cleave","Burning Pact"],"picked":"Heavy Blade","floor":5},{"not_picked":["Metallicize","Twin Strike"],"picked":"Dropkick","floor":7},{"not_picked":["Twin Strike","Dual Wield"],"picked":"Cleave","floor":10},{"not_picked":["Body Slam","Combust"],"picked":"Shrug It Off","floor":11},{"not_picked":["Thunderclap","Rampage","Intimidate"],"picked":"SKIP","floor":12},{"not_picked":["Perfected Strike","Offering","Sword Boomerang"],"picked":"SKIP","floor":13},{"not_picked":["Heavy Blade","Thunderclap"],"picked":"Iron Wave","floor":14},{"not_picked":["Reaper","Limit Break"],"picked":"Juggernaut","floor":16},{"not_picked":["Body Slam+1","Whirlwind"],"picked":"Ghostly Armor+1","floor":18},{"not_picked":["Clash","Heavy Blade"],"picked":"Body Slam","floor":19},{"not_picked":["Thunderclap","Calculated Gamble+1"],"picked":"PathToVictory","floor":22},{"not_picked":["Rupture","All For One","CutThroughFate"],"picked":"SKIP","floor":23},{"not_picked":["InnerPeace","Trip"],"picked":"Conserve Battery","floor":24},{"not_picked":["Fusion+1","Crippling Poison+1"],"picked":"Magnetism","floor":28},{"not_picked":["Coolheaded","Chill"],"picked":"Flechettes+1","floor":31}],"player_experience":16808,"relics_obtained":[{"floor":7,"key":"MawBank"},{"floor":9,"key":"Strawberry"},{"floor":12,"key":"Self Forming Clay"},{"floor":26,"key":"HornCleat"},{"floor":28,"key":"PreservedInsect"},{"floor":31,"key":"Red Mask"}],"event_choices":[{"damage_healed":0,"gold_gain":0,"player_choice":"Shed Blood","damage_taken":22,"max_hp_gain":5,"max_hp_loss":0,"event_name":"Forgotten Altar","floor":20,"gold_loss":0},{"damage_healed":0,"gold_gain":0,"player_choice":"Became a vampire","damage_taken":0,"max_hp_gain":0,"max_hp_loss":28,"event_name":"Vampires","floor":30,"gold_loss":0,"cards_obtained":["Bite","Bite","Bite","Bite","Bite"]},{"damage_healed":0,"gold_gain":0,"player_choice":"Fought Bandits","damage_taken":0,"max_hp_gain":0,"max_hp_loss":0,"event_name":"Masked Bandits","floor":31,"gold_loss":0}],"is_beta":false,"boss_relics":[{"not_picked":["Ectoplasm","Busted Crown"],"picked":"Sozu"}],"items_purged_floors":[21],"is_endless":false,"potions_floor_spawned":[2,3,5,11,12,13,14,22,23,24,28],"killed_by":"Collector","ascension_level":0}