{"gold_per_floor":[119,119,119,119,134,134,148,184,232,293,318,342,360,378,378,497,497,522,522,546,589,609,647,647,647,670,670,704,704,724,749,749,869,869,882,272,272,288,11,52,77,77,77,77,100,100,144,160,160,160],"floor_reached":50,"playtime":7060,"items_purged":["Strike_R"],"score":573,"play_id":"06db7cc8-d115-448a-97db-8a166ccf12d8","local_time":"20230715005141","is_ascension_mode":false,"campfire_choices":[{"data":"Iron Wave","floor":6,"key":"SMITH"},{"floor":15,"key":"REST"},{"floor":27,"key":"REST"},{"floor":29,"key":"REST"},{"floor":32,"key":"REST"},{"floor":42,"key":"REST"},{"data":"Burning Pact","floor":44,"key":"PURGE"},{"floor":46,"key":"REST"},{"floor":49,"key":"REST"}],"neow_cost":"NONE","seed_source_timestamp":164098527138100,"circlet_count":0,"master_deck":["Strike_R","Strike_R","Strike_R","Strike_R","Defend_R","Defend_R","Defend_R","Bash","Sever Soul","Feel No Pain","Flex","Iron Wave+1","Dropkick","Armaments","Shrug It Off","Shrug It Off","Anger","Fiend Fire","Pommel Strike","Shrug It Off+1","Body Slam","Dark Embrace","Bloodletting","Ghostly Armor","Feed","Carnage","Feed","Cleave+1","Panache","Blind","Body Slam","Armaments","True Grit+1","True Grit","Anger","Iron Wave+1","Uppercut+1"],"relics":["Burning Blood","Golden Idol","HornCleat","Lantern","Fusion Hammer","Red Mask","Regal Pillow","MutagenicStrength","Ancient Tea Set","Peace Pipe","SacredBark","Membership Card","Oddly Smooth Stone","Thread and Needle","Brimstone","Boot","Strawberry","Bird Faced Urn","Shuriken","Darkstone Periapt"],"potions_floor_usage":[16,23,23,28,33,33,33,50,50,50],"damage_taken":[{"damage":15,"enemies":"Jaw Worm","floor":1,"turns":4},{"damage":3,"enemies":"Cultist","floor":3,"turns":3},{"damage":8,"enemies":"Small Slimes","floor":5,"turns":3},{"damage":8,"enemies":"Exordium Thugs","floor":7,"turns":5},{"damage":28,"enemies":"Lagavulin","floor":8,"turns":6},{"damage":0,"enemies":"3 Louse","floor":11,"turns":3},{"damage":12,"enemies":"Red Slaver","floor":12,"turns":4},{"damage":1,"enemies":"Exordium Wildlife","floor":13,"turns":4},{"damage":0,"enemies":"3 Louse","floor":14,"turns":3},{"damage":63,"enemies":"Hexaghost","floor":16,"turns":12},{"damage":7,"enemies":"Spheric Guardian","floor":18,"turns":6},{"damage":5,"enemies":"Chosen","floor":20,"turns":5},{"damage":34,"enemies":"Masked Bandits","floor":21,"turns":6},{"damage":3,"enemies":"Shelled Parasite and Fungi","floor":22,"turns":6},{"damage":32,"enemies":"Book of Stabbing","floor":23,"turns":7},{"damage":12,"enemies":"Centurion and Healer","floor":25,"turns":6},{"damage":18,"enemies":"Slavers","floor":28,"turns":7},{"damage":10,"enemies":"3 Cultists","floor":30,"turns":6},{"damage":13,"enemies":"Snecko","floor":31,"turns":7},{"damage":50,"enemies":"Champ","floor":33,"turns":10},{"damage":33,"enemies":"3 Darklings","floor":35,"turns":9},{"damage":0,"enemies":"Orb Walker","floor":38,"turns":3},{"damage":33,"enemies":"Nemesis","floor":40,"turns":7},{"damage":18,"enemies":"Sphere and 2 Shapes","floor":41,"turns":4},{"damage":10,"enemies":"Maw","floor":45,"turns":7},{"damage":47,"enemies":"Reptomancer","floor":47,"turns":5},{"damage":17,"enemies":"Jaw Worm Horde","floor":48,"turns":4},{"damage":83,"enemies":"Awakened One","floor":50,"turns":7}],"seed_played":"-3497769082822577372","potions_obtained":[{"floor":1,"key":"HeartOfIron"},{"floor":5,"key":"SpeedPotion"},{"floor":11,"key":"Explosive Potion"},{"floor":12,"key":"SteroidPotion"},{"floor":21,"key":"Strength Potion"},{"floor":28,"key":"EntropicBrew"},{"floor":33,"key":"ColorlessPotion"},{"floor":35,"key":"GamblersBrew"},{"floor":41,"key":"SpeedPotion"}],"is_trial":false,"path_per_floor":["M","?","M","?","M","R","M","E","T","?","M","M","M","M","R","B",null,"M","?","M","?","M","E","?","M","T","R","E","R","M","M","R","B",null,"M","$","?","M","$","E","M","R","T","R","M","R","E","M","R","B"],"character_chosen":"IRONCLAD","items_purchased":["Membership Card","Oddly Smooth Stone","Thread and Needle","Panache","Blind","Swift Potion","AttackPotion","Brimstone","Boot","Strawberry","BlessingOfTheForge","Armaments"],"campfire_rested":7,"item_purchase_floors":[36,36,36,36,36,36,36,39,39,39,39,39],"current_hp_per_floor":[71,71,74,67,65,65,63,41,41,41,47,41,46,52,74,17,74,73,73,74,46,49,23,23,17,17,54,42,74,70,63,74,30,74,47,47,40,46,53,26,16,55,55,55,57,81,44,35,74,0],"gold":160,"neow_bonus":"TRANSFORM_CARD","is_prod":false,"is_daily":false,"chose_seed":false,"campfire_upgraded":1,"win_rate":0.0,"timestamp":1689407501,"path_taken":["M","?","M","?","M","R","?","E","T","?","M","M","M","M","R","BOSS","M","?","M","?","M","E","?","M","T","R","E","R","?","M","R","BOSS","M","$","?","?","$","E","M","R","T","R","M","R","E","M","R","BOSS"],"build_version":"2022-12-18","purchased_purges":1,"victory":false,"max_hp_per_floor":[80,74,74,74,74,74,74,74,74,74,74,74,74,74,74,74,74,74,74,74,74,74,74,74,74,74,74,74,74,74,74,74,74,74,74,74,74,74,81,81,81,81,81,81,81,81,81,81,81,81],"card_choices":[{"not_picked":["Burning Pact","Shockwave"],"picked":"Feel No Pain","floor":1},{"not_picked":["Uppercut","Intimidate"],"picked":"Flex","floor":3},{"not_picked":["Feel No Pain","Warcry"],"picked":"Iron Wave","floor":5},{"not_picked":["Twin Strike","Second Wind"],"picked":"Dropkick","floor":7},{"not_picked":["Whirlwind","Anger"],"picked":"Armaments","floor":8},{"not_picked":["Armaments","Hemokinesis"],"picked":"Shrug It Off","floor":11},{"not_picked":["Sword Boomerang","Flex"],"picked":"Shrug It Off","floor":12},{"not_picked":["Armaments","Inflame"],"picked":"Burning Pact","floor":13},{"not_picked":["Barricade","Thunderclap"],"picked":"Anger","floor":14},{"not_picked":["Juggernaut","Bludgeon"],"picked":"Fiend Fire","floor":16},{"not_picked":["Power Through+1","Whirlwind"],"picked":"Pommel Strike","floor":18},{"not_picked":["Cleave","Dual Wield"],"picked":"Shrug It Off+1","floor":20},{"not_picked":["Clothesline+1","Dark Embrace+1"],"picked":"Body Slam","floor":21},{"not_picked":["Headbutt","Iron Wave"],"picked":"Dark Embrace","floor":22},{"not_picked":["Carnage","True Grit"],"picked":"Bloodletting","floor":23},{"not_picked":["Shrug It Off+1","Headbutt","Iron Wave"],"picked":"SKIP","floor":25},{"not_picked":["Cleave","Combust"],"picked":"Ghostly Armor","floor":28},{"not_picked":["True Grit+1","Warcry"],"picked":"Feed","floor":30},{"not_picked":["Clothesline","Cleave"],"picked":"Carnage","floor":31},{"not_picked":["Brutality","Reaper"],"picked":"Feed","floor":33},{"not_picked":["Sword Boomerang+1","Clothesline"],"picked":"Cleave+1","floor":35},{"not_picked":["Blood for Blood","Bludgeon"],"picked":"Body Slam","floor":38},{"not_picked":["Iron Wave","Sword Boomerang+1"],"picked":"True Grit+1","floor":40},{"not_picked":["Perfected Strike+1","Intimidate+1"],"picked":"True Grit","floor":41},{"not_picked":["Pommel Strike","Flex"],"picked":"Anger","floor":45},{"not_picked":["Pommel Strike","Dropkick"],"picked":"Iron Wave+1","floor":47},{"not_picked":["Shrug It Off+1","Clash"],"picked":"Uppercut+1","floor":48}],"player_experience":1541,"relics_obtained":[{"floor":8,"key":"HornCleat"},{"floor":9,"key":"Lantern"},{"floor":21,"key":"Red Mask"},{"floor":23,"key":"Regal Pillow"},{"floor":26,"key":"Ancient Tea Set"},{"floor":28,"key":"Peace Pipe"},{"floor":40,"key":"Bird Faced Urn"},{"floor":43,"key":"Shuriken"},{"floor":47,"key":"Darkstone Periapt"}],"event_choices":[{"damage_healed":0,"gold_gain":0,"player_choice":"Lose Max HP","damage_taken":0,"relics_obtained":["Golden Idol"],"max_hp_gain":0,"max_hp_loss":6,"event_name":"Golden Idol","floor":2,"gold_loss":0},{"damage_healed":0,"gold_gain":0,"player_choice":"Damaged","damage_taken":7,"max_hp_gain":0,"max_hp_loss":0,"event_name":"Wheel of Change","floor":4,"gold_loss":0},{"damage_healed":0,"gold_gain":61,"player_choice":"Gained Gold","damage_taken":0,"max_hp_gain":0,"max_hp_loss":0,"event_name":"Golden Wing","floor":10,"gold_loss":0},{"damage_healed":0,"gold_gain":0,"player_choice":"Ignored","damage_taken":0,"max_hp_gain":0,"max_hp_loss":0,"event_name":"Beggar","floor":19,"gold_loss":0},{"damage_healed":0,"gold_gain":0,"player_choice":"Fought Bandits","damage_taken":0,"max_hp_gain":0,"max_hp_loss":0,"event_name":"Masked Bandits","floor":21,"gold_loss":0},{"damage_healed":0,"gold_gain":0,"player_choice":"Inject Mutagens","damage_taken":0,"relics_obtained":["MutagenicStrength"],"max_hp_gain":0,"max_hp_loss":0,"event_name":"Drug Dealer","floor":24,"gold_loss":0},{"damage_healed":0,"gold_gain":0,"player_choice":"Damaged","damage_taken":7,"max_hp_gain":0,"max_hp_loss":0,"event_name":"Wheel of Change","floor":37,"gold_loss":0}],"is_beta":false,"boss_relics":[{"not_picked":["Runic Cube","Runic Pyramid"],"picked":"Fusion Hammer"},{"not_picked":["Sozu","Empty Cage"],"picked":"SacredBark"}],"items_purged_floors":[36],"is_endless":false,"potions_floor_spawned":[1,5,11,12,21,22,28,33,35,41,45],"killed_by":"Awakened One","ascension_level":0}