{"gold_per_floor":[119,131,38,38,56,56,69,97,120,120,155,171,181,198,198,294,294,304,315,315,26,38,70,102,102,150,163,163,179,179,193,193,298,348,367,384,606,626,70,104,104,104,104,104,124,33,43,43,43,43],"floor_reached":51,"playtime":3649,"items_purged":["Flame Barrier"],"score":711,"play_id":"4428eddd-0800-424f-9b49-92a9a20948e1","local_time":"20230716190246","is_ascension_mode":false,"campfire_choices":[{"data":"Flex","floor":6,"key":"SMITH"},{"data":"Perfected Strike","floor":10,"key":"SMITH"},{"data":"Perfected Strike","floor":15,"key":"SMITH"},{"data":"Enlightenment","floor":25,"key":"SMITH"},{"data":"Perfected Strike","floor":28,"key":"SMITH"},{"data":"Demon Form","floor":32,"key":"SMITH"},{"data":"Transmutation","floor":41,"key":"SMITH"},{"data":"Bash","floor":44,"key":"SMITH"},{"floor":49,"key":"REST"}],"neow_cost":"NONE","seed_source_timestamp":15982453159300,"circlet_count":0,"master_deck":["Strike_R+1","Strike_R+1","Strike_R+1","Strike_R+1","Defend_R+1","Defend_R+1","Defend_R+1","Defend_R+1","Bash+1","Perfected Strike+1","Flex+1","Enlightenment+1","Offering+1","Twin Strike","Power Through+1","Perfected Strike+1","Demon Form+1","Perfected Strike+1","Seeing Red+1","Thinking Ahead","Swift Strike","Whirlwind+1","Pummel+1","Reaper+1","Rage","Inflame+1","Transmutation+1","Power Through+1","Perfected Strike+1","Havoc+1","Bandage Up","Perfected Strike+1"],"relics":["Burning Blood","Nunchaku","Bag of Preparation","Omamori","SlaversCollar","Gremlin Horn","Red Mask","War Paint","Tiny House","Ancient Tea Set","Whetstone","Red Skull","Bottled Flame"],"potions_floor_usage":[16,16,33,33,33,50,50],"damage_taken":[{"damage":6,"enemies":"Cultist","floor":1,"turns":3},{"damage":6,"enemies":"Jaw Worm","floor":2,"turns":2},{"damage":1,"enemies":"2 Louse","floor":5,"turns":3},{"damage":11,"enemies":"Large Slime","floor":7,"turns":5},{"damage":16,"enemies":"Lagavulin","floor":8,"turns":3},{"damage":6,"enemies":"3 Sentries","floor":11,"turns":4},{"damage":0,"enemies":"Blue Slaver","floor":12,"turns":3},{"damage":4,"enemies":"Gremlin Gang","floor":13,"turns":5},{"damage":0,"enemies":"3 Louse","floor":14,"turns":2},{"damage":20,"enemies":"The Guardian","floor":16,"turns":6},{"damage":2,"enemies":"Chosen","floor":18,"turns":3},{"damage":21,"enemies":"3 Byrds","floor":19,"turns":6},{"damage":15,"enemies":"Shelled Parasite and Fungi","floor":22,"turns":4},{"damage":24,"enemies":"Book of Stabbing","floor":23,"turns":3},{"damage":0,"enemies":"Masked Bandits","floor":24,"turns":2},{"damage":13,"enemies":"Cultist and Chosen","floor":27,"turns":4},{"damage":3,"enemies":"Snake Plant","floor":29,"turns":2},{"damage":24,"enemies":"Centurion and Healer","floor":31,"turns":4},{"damage":36,"enemies":"Automaton","floor":33,"turns":6},{"damage":9,"enemies":"3 Darklings","floor":35,"turns":3},{"damage":14,"enemies":"3 Shapes","floor":36,"turns":3},{"damage":6,"enemies":"Transient","floor":38,"turns":5},{"damage":26,"enemies":"Giant Head","floor":40,"turns":5},{"damage":26,"enemies":"Writhing Mass","floor":45,"turns":5},{"damage":31,"enemies":"Sphere and 2 Shapes","floor":47,"turns":4},{"damage":78,"enemies":"Time Eater","floor":50,"turns":8}],"seed_played":"1017838286894323015","potions_obtained":[{"floor":1,"key":"Strength Potion"},{"floor":5,"key":"EssenceOfSteel"},{"floor":8,"key":"LiquidBronze"},{"floor":12,"key":"CultistPotion"},{"floor":16,"key":"FearPotion"},{"floor":23,"key":"Block Potion"},{"floor":27,"key":"Fire Potion"},{"floor":29,"key":"SteroidPotion"},{"floor":31,"key":"DuplicationPotion"},{"floor":34,"key":"Weak Potion"},{"floor":35,"key":"BlessingOfTheForge"},{"floor":40,"key":"PowerPotion"}],"is_trial":false,"path_per_floor":["M","M","$","?","M","R","M","E","T","R","E","M","M","M","R","B",null,"M","M","?","$","M","E","?","R","T","M","R","M","?","M","R","B",null,"M","M","?","M","$","E","R","?","T","R","M","$","M","?","R","B",null],"character_chosen":"IRONCLAD","items_purchased":["Enlightenment","Thinking Ahead","Swift Strike","Ancient Tea Set","Whetstone","Transmutation","Bandage Up"],"campfire_rested":1,"item_purchase_floors":[3,21,21,39,39,39,46],"current_hp_per_floor":[88,88,88,70,75,75,70,60,60,60,60,66,68,74,74,60,88,88,73,73,73,64,46,52,52,52,45,45,48,77,59,59,29,93,93,85,85,85,85,87,87,87,87,87,75,75,70,70,93,61],"gold":43,"neow_bonus":"TEN_PERCENT_HP_BONUS","is_prod":false,"is_daily":false,"chose_seed":false,"campfire_upgraded":8,"win_rate":0,"timestamp":1689559366,"path_taken":["M","M","?","?","M","R","M","E","T","R","E","M","M","M","R","BOSS","M","M","?","$","M","E","?","R","T","M","R","M","?","M","R","BOSS","M","M","?","M","$","E","R","?","T","R","?","$","M","?","R","BOSS"],"build_version":"2022-12-18","purchased_purges":1,"victory":true,"max_hp_per_floor":[88,88,88,88,88,88,88,88,88,88,88,88,88,88,88,88,88,88,88,88,88,88,88,88,88,88,88,88,88,88,88,88,88,93,93,93,93,93,93,93,93,93,93,93,93,93,93,93,93,93],"card_choices":[{"not_picked":["Combust","Body Slam"],"picked":"Perfected Strike","floor":1},{"not_picked":["Body Slam","Sword Boomerang"],"picked":"Flex","floor":2},{"not_picked":["Entrench","Iron Wave"],"picked":"Offering","floor":5},{"not_picked":["Clash","Warcry"],"picked":"Twin Strike","floor":7},{"not_picked":["Dark Embrace","Brutality","Clash"],"picked":"SKIP","floor":8},{"not_picked":["Rupture","Sever Soul"],"picked":"Power Through","floor":11},{"not_picked":["Dark Embrace","Cleave","Pommel Strike"],"picked":"SKIP","floor":12},{"not_picked":["Armaments","Headbutt","Twin Strike"],"picked":"SKIP","floor":13},{"not_picked":["Carnage","Fire Breathing"],"picked":"Perfected Strike","floor":14},{"not_picked":["Exhume","Reaper"],"picked":"Demon Form","floor":16},{"not_picked":["Body Slam","Infernal Blade"],"picked":"Perfected Strike","floor":18},{"not_picked":["Thunderclap","Iron Wave+1"],"picked":"Seeing Red","floor":19},{"not_picked":["Wild Strike","Feel No Pain+1","Thunderclap"],"picked":"SKIP","floor":22},{"not_picked":["Intimidate","Ghostly Armor"],"picked":"Whirlwind+1","floor":23},{"not_picked":["Feel No Pain","Blood for Blood"],"picked":"Flame Barrier","floor":27},{"not_picked":["Combust","Clothesline+1","Flex"],"picked":"SKIP","floor":29},{"not_picked":["Perfected Strike","Shrug It Off"],"picked":"Pummel","floor":31},{"not_picked":["Berserk","Corruption"],"picked":"Reaper","floor":33},{"not_picked":["Whirlwind+1","Dropkick","Twin Strike"],"picked":"SKIP","floor":35},{"not_picked":["Rampage","Pommel Strike"],"picked":"Rage","floor":36},{"not_picked":["Evolve+1","Sentinel+1"],"picked":"Inflame+1","floor":38},{"not_picked":["Immolate","Brutality"],"picked":"Power Through+1","floor":40},{"not_picked":["Iron Wave","Headbutt"],"picked":"Havoc+1","floor":45},{"not_picked":["Inflame","Sword Boomerang+1"],"picked":"Perfected Strike+1","floor":47}],"player_experience":32650,"relics_obtained":[{"floor":8,"key":"Nunchaku"},{"floor":9,"key":"Bag of Preparation"},{"floor":11,"key":"Omamori"},{"floor":23,"key":"Gremlin Horn"},{"floor":24,"key":"Red Mask"},{"floor":26,"key":"War Paint"},{"floor":40,"key":"Red Skull"},{"floor":43,"key":"Bottled Flame"}],"event_choices":[{"damage_healed":0,"gold_gain":0,"player_choice":"Entered Light","damage_taken":18,"max_hp_gain":0,"max_hp_loss":0,"event_name":"Shining Light","floor":4,"gold_loss":0,"cards_upgraded":["Strike_R","Defend_R"]},{"damage_healed":0,"gold_gain":0,"player_choice":"Simplicity","damage_taken":0,"max_hp_gain":0,"max_hp_loss":0,"event_name":"Back to Basics","floor":20,"gold_loss":0,"cards_upgraded":["Strike_R","Strike_R","Strike_R","Strike_R","Defend_R","Defend_R","Defend_R"]},{"damage_healed":0,"gold_gain":0,"player_choice":"Fought Bandits","damage_taken":0,"max_hp_gain":0,"max_hp_loss":0,"event_name":"Masked Bandits","floor":24,"gold_loss":0},{"damage_healed":29,"gold_gain":0,"player_choice":"Heal","damage_taken":0,"max_hp_gain":0,"max_hp_loss":0,"event_name":"The Library","floor":30,"gold_loss":0},{"damage_healed":0,"gold_gain":222,"player_choice":"Wore Mask","damage_taken":0,"max_hp_gain":0,"max_hp_loss":0,"event_name":"Tomb of Lord Red Mask","floor":37,"gold_loss":0},{"damage_healed":0,"gold_gain":0,"player_choice":"Copied","damage_taken":0,"max_hp_gain":0,"max_hp_loss":0,"event_name":"Duplicator","floor":42,"gold_loss":0,"cards_obtained":["Perfected Strike"]},{"cards_removed":["Strike_R"],"damage_healed":0,"gold_gain":0,"player_choice":"Removed Attack","damage_taken":0,"max_hp_gain":0,"max_hp_loss":0,"event_name":"Falling","floor":48,"gold_loss":0}],"is_beta":false,"boss_relics":[{"not_picked":["Velvet Choker","SacredBark"],"picked":"SlaversCollar"},{"not_picked":["Black Star","Cursed Key"],"picked":"Tiny House"}],"items_purged_floors":[39],"is_endless":false,"potions_floor_spawned":[1,5,8,12,13,16,23,27,29,31,35,40,47],"ascension_level":0}