{"gold_per_floor":[117,117,134,134,147,147,159,159,159,188,215,243,243,260,260,365,365,379,304,322,340,340,340,357,117,117,136,136,89,89,104,104,209,209,227,227,227,239,252,271,288,288,288,288,305,305,337,356,356,356],"floor_reached":50,"playtime":3213,"items_purged":[],"score":661,"play_id":"b37656d4-020e-44f0-ba85-bdb7db1f2a8b","local_time":"20230721185610","is_ascension_mode":false,"campfire_choices":[{"data":"Perfected Strike","floor":6,"key":"SMITH"},{"data":"Perfected Strike","floor":8,"key":"SMITH"},{"data":"Inflame","floor":13,"key":"SMITH"},{"data":"Shrug It Off","floor":15,"key":"SMITH"},{"floor":23,"key":"REST"},{"data":"Iron Wave","floor":28,"key":"SMITH"},{"data":"Warcry","floor":30,"key":"SMITH"},{"data":"Ghostly Armor","floor":32,"key":"SMITH"},{"data":"Infernal Blade","floor":42,"key":"SMITH"},{"data":"Flex","floor":44,"key":"SMITH"},{"floor":46,"key":"REST"},{"floor":49,"key":"REST"}],"neow_cost":"NONE","seed_source_timestamp":0,"circlet_count":0,"master_deck":["Strike_R","Strike_R","Strike_R","Strike_R+1","Strike_R","Defend_R+1","Bash+1","Impervious","Perfected Strike+1","Perfected Strike+1","Limit Break+1","Inflame+1","Shrug It Off+1","Fiend Fire","Armaments+1","Headbutt","Headbutt+1","Warcry+1","Metallicize","Inflame+1","Thunderclap","Ghostly Armor+1","Infernal Blade+1","Strike_R","Warcry+1","Flex+1","Sword Boomerang+1","Rage+1","Sword Boomerang+1","Flex+1"],"special_seed":0,"relics":["Burning Blood","Pear","Ginger","Gremlin Horn","War Paint","Regal Pillow","Black Star","Nunchaku","Matryoshka","Philosopher\u0027s Stone","Whetstone","Sundial","Omamori","Thread and Needle"],"potions_floor_usage":[16,16,16,33,50,50,50],"damage_taken":[{"damage":7,"enemies":"2 Louse","floor":1,"turns":2},{"damage":6,"enemies":"Jaw Worm","floor":3,"turns":2},{"damage":0,"enemies":"Small Slimes","floor":5,"turns":3},{"damage":6,"enemies":"Blue Slaver","floor":7,"turns":4},{"damage":23,"enemies":"Gremlin Nob","floor":10,"turns":4},{"damage":26,"enemies":"Lagavulin","floor":12,"turns":4},{"damage":3,"enemies":"Exordium Wildlife","floor":14,"turns":4},{"damage":22,"enemies":"The Guardian","floor":16,"turns":8},{"damage":26,"enemies":"2 Thieves","floor":18,"turns":4},{"damage":20,"enemies":"Spheric Guardian","floor":20,"turns":4},{"damage":15,"enemies":"Snecko","floor":21,"turns":4},{"damage":1,"enemies":"Cultist and Chosen","floor":24,"turns":7},{"damage":0,"enemies":"Centurion and Healer","floor":27,"turns":6},{"damage":19,"enemies":"Sentry and Sphere","floor":31,"turns":7},{"damage":26,"enemies":"Champ","floor":33,"turns":9},{"damage":2,"enemies":"Orb Walker","floor":35,"turns":3},{"damage":20,"enemies":"3 Darklings","floor":38,"turns":6},{"damage":11,"enemies":"Jaw Worm Horde","floor":39,"turns":4},{"damage":37,"enemies":"Transient","floor":40,"turns":5},{"damage":15,"enemies":"4 Shapes","floor":41,"turns":2},{"damage":0,"enemies":"Jaw Worm Horde","floor":45,"turns":3},{"damage":56,"enemies":"Giant Head","floor":47,"turns":7},{"damage":12,"enemies":"Sphere and 2 Shapes","floor":48,"turns":5},{"damage":83,"enemies":"Time Eater","floor":50,"turns":4}],"seed_played":"6510698024164368402","potions_obtained":[{"floor":3,"key":"SkillPotion"},{"floor":10,"key":"Energy Potion"},{"floor":14,"key":"Regen Potion"},{"floor":18,"key":"Ancient Potion"},{"floor":20,"key":"Swift Potion"},{"floor":31,"key":"BlessingOfTheForge"},{"floor":39,"key":"Strength Potion"}],"is_trial":false,"path_per_floor":["M","?","M","?","M","R","M","R","T","E","T","E","R","M","R","B",null,"M","?","M","M","?","R","M","$","T","M","R","$","R","M","R","B",null,"M","?","?","M","M","M","M","R","T","R","M","R","E","M","R","B"],"character_chosen":"IRONCLAD","items_purchased":["Nunchaku","Metallicize","BlessingOfTheForge","Thunderclap"],"campfire_rested":3,"item_purchase_floors":[25,25,25,29],"current_hp_per_floor":[79,72,72,75,81,81,81,81,81,64,64,44,44,47,47,46,90,70,70,56,47,29,72,77,77,77,83,83,83,83,70,70,50,95,95,95,95,81,76,45,36,36,36,36,42,85,35,29,72,0],"gold":356,"neow_bonus":"ONE_RANDOM_RARE_CARD","is_prod":false,"is_daily":false,"chose_seed":false,"campfire_upgraded":9,"win_rate":0,"timestamp":1689990970,"path_taken":["M","?","M","?","M","R","M","R","T","E","?","E","R","M","R","BOSS","M","?","M","M","?","R","M","$","T","M","R","?","R","M","R","BOSS","M","?","?","M","M","M","?","R","T","R","M","R","E","M","R","BOSS"],"build_version":"2022-12-18","purchased_purges":0,"victory":false,"max_hp_per_floor":[80,80,80,90,90,90,90,90,90,90,90,90,90,90,90,90,90,90,90,90,90,95,95,95,95,95,95,95,95,95,95,95,95,95,95,95,95,95,95,95,95,95,95,95,95,95,95,95,95,95],"card_choices":[{"not_picked":["Clothesline","Uppercut"],"picked":"Perfected Strike","floor":1},{"not_picked":["Twin Strike","Armaments"],"picked":"Perfected Strike","floor":3},{"not_picked":["Cleave","Feel No Pain","Wild Strike"],"picked":"SKIP","floor":5},{"not_picked":["Headbutt","Reckless Charge"],"picked":"Iron Wave","floor":7},{"not_picked":["Wild Strike","Twin Strike"],"picked":"Limit Break","floor":10},{"not_picked":["Flex","Bloodletting"],"picked":"Inflame","floor":12},{"not_picked":["Anger","Pommel Strike"],"picked":"Shrug It Off","floor":14},{"not_picked":["Exhume","Barricade"],"picked":"Fiend Fire","floor":16},{"not_picked":["Thunderclap","Clothesline"],"picked":"Armaments+1","floor":18},{"not_picked":["Rupture","Heavy Blade"],"picked":"Headbutt","floor":20},{"not_picked":["Entrench","Body Slam"],"picked":"Headbutt+1","floor":21},{"not_picked":["Anger","Uppercut"],"picked":"Warcry","floor":24},{"not_picked":["Sword Boomerang","Seeing Red"],"picked":"Inflame+1","floor":27},{"not_picked":["Cleave","Armaments"],"picked":"Ghostly Armor","floor":31},{"not_picked":["Wild Strike","Body Slam+1"],"picked":"Infernal Blade","floor":35},{"not_picked":["Infernal Blade","Searing Blow"],"picked":"Warcry+1","floor":38},{"not_picked":["Searing Blow","Rampage+1"],"picked":"Flex","floor":39},{"not_picked":["Clothesline+1","True Grit"],"picked":"Sword Boomerang+1","floor":40},{"not_picked":["Shrug It Off","Clothesline"],"picked":"Rage+1","floor":41},{"not_picked":["Clash","Anger"],"picked":"Sword Boomerang+1","floor":45},{"not_picked":["Feel No Pain+1","Fiend Fire","Wild Strike+1"],"picked":"SKIP","floor":47},{"not_picked":["Pummel","Body Slam"],"picked":"Flex+1","floor":48}],"player_experience":47164,"relics_obtained":[{"floor":9,"key":"Ginger"},{"floor":10,"key":"Gremlin Horn"},{"floor":11,"key":"War Paint"},{"floor":12,"key":"Regal Pillow"},{"floor":26,"key":"Matryoshka"},{"floor":43,"key":"Whetstone"},{"floor":43,"key":"Sundial"},{"floor":47,"key":"Omamori"},{"floor":47,"key":"Thread and Needle"}],"event_choices":[{"cards_removed":["Defend_R"],"damage_healed":0,"gold_gain":0,"player_choice":"Card Removal","damage_taken":7,"max_hp_gain":0,"max_hp_loss":0,"event_name":"Golden Wing","floor":2,"gold_loss":0},{"damage_healed":0,"gold_gain":0,"player_choice":"Success","damage_taken":7,"relics_obtained":["Pear"],"max_hp_gain":0,"max_hp_loss":0,"event_name":"Scrap Ooze","floor":4,"gold_loss":0},{"cards_removed":["Defend_R"],"damage_healed":0,"gold_gain":0,"player_choice":"Gave Gold","damage_taken":0,"max_hp_gain":0,"max_hp_loss":0,"event_name":"Beggar","floor":19,"gold_loss":75},{"damage_healed":0,"gold_gain":0,"player_choice":"Shed Blood","damage_taken":23,"max_hp_gain":5,"max_hp_loss":0,"event_name":"Forgotten Altar","floor":22,"gold_loss":0},{"cards_removed":["Iron Wave"],"damage_healed":0,"gold_gain":0,"player_choice":"Removed Attack","damage_taken":0,"max_hp_gain":0,"max_hp_loss":0,"event_name":"Falling","floor":36,"gold_loss":0},{"cards_removed":["Defend_R"],"damage_healed":0,"gold_gain":0,"player_choice":"Took Card","damage_taken":0,"max_hp_gain":0,"max_hp_loss":0,"event_name":"NoteForYourself","floor":37,"gold_loss":0,"cards_obtained":["Strike_R"]}],"is_beta":false,"boss_relics":[{"not_picked":["Fusion Hammer","Runic Dome"],"picked":"Black Star"},{"not_picked":["Coffee Dripper","Astrolabe"],"picked":"Philosopher\u0027s Stone"}],"items_purged_floors":[],"is_endless":false,"potions_floor_spawned":[3,10,14,18,20,31,39,40,47,48],"killed_by":"Time Eater","ascension_level":0}