{"gold_per_floor":[117,127,202,217,234,234,259,274,320,320,340,396,396,53,53,155,155,175,175,195,48,48,83,8,8,8,8,41,41,41,41,41,136,136,152,152,165,179,0,0,32,32,32,32,32,32,82,96,96,96],"floor_reached":51,"playtime":4113,"items_purged":["Defend_R"],"score":684,"play_id":"9b824a9b-8be3-45c1-a025-5aec9c91265c","local_time":"20230721002042","is_ascension_mode":false,"campfire_choices":[{"data":"Perfected Strike","floor":6,"key":"SMITH"},{"data":"Armaments","floor":10,"key":"SMITH"},{"data":"Limit Break","floor":13,"key":"SMITH"},{"data":"Inflame","floor":15,"key":"SMITH"},{"data":"Pummel","floor":25,"key":"SMITH"},{"data":"Rage","floor":29,"key":"SMITH"},{"data":"Shrug It Off","floor":32,"key":"SMITH"},{"data":"Double Tap","floor":40,"key":"SMITH"},{"data":"Shrug It Off","floor":42,"key":"SMITH"},{"data":"Metallicize","floor":45,"key":"SMITH"},{"data":"Inflame","floor":49,"key":"SMITH"}],"neow_cost":"NONE","seed_source_timestamp":380218381756400,"circlet_count":0,"master_deck":["Strike_R","Strike_R","Strike_R","Strike_R","Strike_R","Defend_R","Bash","Thunderclap","Metallicize+1","Inflame+1","Perfected Strike+1","Pummel+1","Armaments+1","Limit Break+1","Rage+1","Swift Strike","Shrug It Off+1","Shrug It Off+1","Reaper","Double Tap+1","Anger+1","Seeing Red+1","Evolve+1","Inflame+1","Armaments+1"],"relics":["Black Blood","Blood Vial","Ancient Tea Set","Self Forming Clay","Gremlin Horn","Empty Cage","Nilry\u0027s Codex","Sling","Bag of Marbles","Kunai","Pocketwatch","InkBottle","Red Mask","TungstenRod","Meat on the Bone","Ice Cream"],"potions_floor_usage":[16,50,50,50],"damage_taken":[{"damage":5,"enemies":"2 Louse","floor":1,"turns":4},{"damage":1,"enemies":"Jaw Worm","floor":2,"turns":3},{"damage":2,"enemies":"Small Slimes","floor":4,"turns":4},{"damage":30,"enemies":"Gremlin Gang","floor":5,"turns":6},{"damage":19,"enemies":"Gremlin Nob","floor":7,"turns":4},{"damage":15,"enemies":"3 Louse","floor":8,"turns":4},{"damage":4,"enemies":"Blue Slaver","floor":11,"turns":3},{"damage":12,"enemies":"3 Sentries","floor":12,"turns":7},{"damage":8,"enemies":"Slime Boss","floor":16,"turns":7},{"damage":7,"enemies":"Spheric Guardian","floor":18,"turns":3},{"damage":15,"enemies":"3 Byrds","floor":20,"turns":6},{"damage":27,"enemies":"Gremlin Leader","floor":23,"turns":3},{"damage":26,"enemies":"Slavers","floor":28,"turns":6},{"damage":62,"enemies":"Automaton","floor":33,"turns":10},{"damage":0,"enemies":"Orb Walker","floor":35,"turns":3},{"damage":29,"enemies":"3 Darklings","floor":37,"turns":5},{"damage":53,"enemies":"Jaw Worm Horde","floor":38,"turns":4},{"damage":53,"enemies":"Nemesis","floor":41,"turns":5},{"damage":20,"enemies":"Mind Bloom Boss Battle","floor":47,"turns":7},{"damage":21,"enemies":"Maw","floor":48,"turns":7},{"damage":48,"enemies":"Donu and Deca","floor":50,"turns":9}],"seed_played":"-5967908608654821384","potions_obtained":[{"floor":5,"key":"Regen Potion"},{"floor":11,"key":"Swift Potion"},{"floor":12,"key":"Swift Potion"},{"floor":20,"key":"BloodPotion"},{"floor":33,"key":"BloodPotion"},{"floor":37,"key":"FearPotion"},{"floor":41,"key":"Dexterity Potion"}],"is_trial":false,"path_per_floor":["M","M","?","M","M","R","E","M","T","R","M","?","R","$","R","B",null,"M","?","M","$","?","E","$","R","T","?","E","R","?","T","R","B",null,"M","?","M","M","?","R","E","R","T","?","R","$","?","M","R","B",null],"character_chosen":"IRONCLAD","items_purchased":["Gremlin Horn","Swift Strike","Sling"],"campfire_rested":0,"item_purchase_floors":[14,14,21],"current_hp_per_floor":[88,88,77,81,57,57,44,37,37,37,41,37,37,37,37,37,88,87,71,80,80,80,61,61,61,61,61,63,63,46,46,46,43,93,93,103,86,75,75,75,36,36,36,36,36,36,42,47,47,64],"gold":96,"neow_bonus":"TEN_PERCENT_HP_BONUS","is_prod":false,"is_daily":false,"chose_seed":false,"campfire_upgraded":11,"win_rate":0,"timestamp":1689924042,"path_taken":["M","M","?","M","M","R","E","M","T","R","M","?","R","$","R","BOSS","M","?","M","$","?","E","$","R","T","?","E","R","?","?","R","BOSS","M","?","?","M","?","R","E","R","T","?","R","?","?","M","R","BOSS"],"build_version":"2022-12-18","purchased_purges":1,"victory":true,"max_hp_per_floor":[88,88,88,88,88,88,88,88,88,88,88,88,88,88,88,88,88,88,88,88,88,88,88,88,88,88,88,88,88,93,93,93,93,93,93,103,103,103,103,103,103,103,103,103,103,103,103,103,103,103],"card_choices":[{"not_picked":["Clothesline","Warcry"],"picked":"Thunderclap","floor":1},{"not_picked":["Clash","Body Slam"],"picked":"Metallicize","floor":2},{"not_picked":["Anger","Headbutt"],"picked":"Inflame","floor":4},{"not_picked":["Body Slam","Havoc"],"picked":"Perfected Strike","floor":5},{"not_picked":["Uppercut","Power Through"],"picked":"Pummel","floor":7},{"not_picked":["Thunderclap","Shrug It Off"],"picked":"Armaments","floor":8},{"not_picked":["Dropkick","Second Wind"],"picked":"Limit Break","floor":11},{"not_picked":["Warcry","Armaments"],"picked":"Rage","floor":12},{"not_picked":["Corruption","Feed"],"picked":"Reaper","floor":16},{"not_picked":["Armaments","Havoc"],"picked":"Shrug It Off","floor":18},{"not_picked":["Fire Breathing","Twin Strike"],"picked":"Burning Pact+1","floor":20},{"not_picked":["Dropkick","Seeing Red"],"picked":"Shrug It Off","floor":23},{"not_picked":["Rampage","Evolve+1"],"picked":"Reaper","floor":28},{"not_picked":["Juggernaut","Exhume"],"picked":"Double Tap","floor":33},{"not_picked":["Sentinel+1","Second Wind+1"],"picked":"Anger+1","floor":35},{"not_picked":["True Grit","Uppercut","Feel No Pain"],"picked":"SKIP","floor":37},{"not_picked":["Anger","Armaments"],"picked":"Seeing Red+1","floor":38},{"not_picked":["Rampage+1","Cleave+1"],"picked":"Evolve+1","floor":41},{"not_picked":["Shrug It Off+1","Second Wind+1"],"picked":"Inflame","floor":47},{"not_picked":["Twin Strike","Power Through+1"],"picked":"Armaments+1","floor":48}],"player_experience":40840,"relics_obtained":[{"floor":7,"key":"Blood Vial"},{"floor":9,"key":"Ancient Tea Set"},{"floor":19,"key":"Nilry\u0027s Codex"},{"floor":23,"key":"Bag of Marbles"},{"floor":26,"key":"Kunai"},{"floor":28,"key":"Pocketwatch"},{"floor":31,"key":"InkBottle"},{"floor":41,"key":"TungstenRod"},{"floor":43,"key":"Meat on the Bone"},{"floor":47,"key":"Ice Cream"}],"event_choices":[{"damage_healed":0,"gold_gain":75,"player_choice":"Gather Gold","damage_taken":11,"max_hp_gain":0,"max_hp_loss":0,"event_name":"World of Goop","floor":3,"gold_loss":0},{"damage_healed":0,"gold_gain":0,"player_choice":"Searched \u00272\u0027 times","damage_taken":0,"relics_obtained":["Self Forming Clay"],"max_hp_gain":0,"max_hp_loss":0,"event_name":"Dead Adventurer","floor":12,"gold_loss":0},{"damage_healed":0,"gold_gain":0,"player_choice":"Obtained Book","damage_taken":16,"max_hp_gain":0,"max_hp_loss":0,"event_name":"Cursed Tome","floor":19,"gold_loss":0},{"damage_healed":0,"gold_gain":0,"player_choice":"Ignored","damage_taken":0,"max_hp_gain":0,"max_hp_loss":0,"event_name":"Vampires","floor":22,"gold_loss":0},{"damage_healed":0,"gold_gain":0,"player_choice":"Ignored","damage_taken":0,"max_hp_gain":0,"max_hp_loss":0,"event_name":"Ghosts","floor":27,"gold_loss":0},{"damage_healed":0,"gold_gain":0,"player_choice":"Shed Blood","damage_taken":22,"max_hp_gain":5,"max_hp_loss":0,"event_name":"Forgotten Altar","floor":30,"gold_loss":0},{"cards_removed":["Reaper"],"damage_healed":0,"gold_gain":0,"player_choice":"Offered Rare","damage_taken":0,"max_hp_gain":10,"max_hp_loss":0,"event_name":"Bonfire Elementals","floor":36,"gold_loss":0},{"damage_healed":0,"gold_gain":0,"player_choice":"Paid","damage_taken":0,"relics_obtained":["Red Mask"],"max_hp_gain":0,"max_hp_loss":0,"event_name":"Tomb of Lord Red Mask","floor":39,"gold_loss":179},{"cards_removed":["Burning Pact"],"damage_healed":0,"gold_gain":0,"player_choice":"Removed Skill","damage_taken":0,"max_hp_gain":0,"max_hp_loss":0,"event_name":"Falling","floor":44,"gold_loss":0},{"damage_healed":0,"gold_gain":0,"player_choice":"Fight","damage_taken":0,"max_hp_gain":0,"max_hp_loss":0,"event_name":"MindBloom","floor":47,"gold_loss":0}],"is_beta":false,"boss_relics":[{"not_picked":["Cursed Key","Sozu"],"picked":"Empty Cage"},{"not_picked":["Snecko Eye","Velvet Choker"],"picked":"Black Blood"}],"items_purged_floors":[24],"is_endless":false,"potions_floor_spawned":[5,11,12,20,33,37,41,48],"ascension_level":0}