{"gold_per_floor":[109,119,137,137,147,176,176,251,301,326,342,357,357,391,391,489,489,500,514,563,576,594,594,607,618,644,644,664,17,27,45,45,142,142,158,158,67,82,82,113,113,144,220,220],"floor_reached":44,"playtime":3046,"items_purged":["Strike_R"],"score":494,"play_id":"88287890-b52a-4643-9ccb-616ef30f7bfc","local_time":"20230727175209","is_ascension_mode":false,"campfire_choices":[{"data":"Double Tap","floor":7,"key":"SMITH"},{"floor":15,"key":"REST"},{"data":"Armaments","floor":23,"key":"SMITH"},{"floor":27,"key":"REST"},{"data":"Armaments","floor":32,"key":"SMITH"},{"data":"Barricade","floor":41,"key":"SMITH"}],"neow_cost":"NONE","seed_source_timestamp":962816006208800,"circlet_count":0,"master_deck":["Strike_R","Strike_R","Strike_R","Strike_R","Defend_R","Defend_R","Bash+1","Sword Boomerang","Inflame","Flex","Double Tap+1","Headbutt","Spot Weakness","Ghostly Armor","Anger","Barricade+1","Iron Wave+1","Armaments+1","Thunderclap+1","Anger+1","Impervious","Flame Barrier","Thinking Ahead","Flex","Armaments+1","Impervious","Seeing Red","Inflame","Seeing Red","Blind","Jack Of All Trades","Madness","Power Through"],"relics":["Burning Blood","Pear","Bronze Scales","Lantern","Toy Ornithopter","Centennial Puzzle","Empty Cage","Pen Nib","Juzu Bracelet","Bag of Preparation","Toolbox","SlaversCollar","Ancient Tea Set","MealTicket","Eternal Feather"],"potions_floor_usage":[14,16,25,33,33],"damage_taken":[{"damage":5,"enemies":"2 Louse","floor":1,"turns":3},{"damage":6,"enemies":"Jaw Worm","floor":2,"turns":3},{"damage":1,"enemies":"Cultist","floor":3,"turns":3},{"damage":11,"enemies":"Red Slaver","floor":5,"turns":3},{"damage":19,"enemies":"Gremlin Nob","floor":6,"turns":4},{"damage":31,"enemies":"Lagavulin","floor":10,"turns":5},{"damage":16,"enemies":"Lots of Slimes","floor":11,"turns":3},{"damage":10,"enemies":"Exordium Thugs","floor":12,"turns":3},{"damage":18,"enemies":"Gremlin Nob","floor":14,"turns":4},{"damage":17,"enemies":"Hexaghost","floor":16,"turns":8},{"damage":20,"enemies":"2 Thieves","floor":18,"turns":3},{"damage":10,"enemies":"Chosen","floor":19,"turns":3},{"damage":22,"enemies":"Centurion and Healer","floor":21,"turns":5},{"damage":31,"enemies":"Shelled Parasite and Fungi","floor":22,"turns":5},{"damage":27,"enemies":"Snake Plant","floor":24,"turns":4},{"damage":8,"enemies":"Centurion and Healer","floor":25,"turns":4},{"damage":9,"enemies":"Cultist and Chosen","floor":28,"turns":4},{"damage":14,"enemies":"Snake Plant","floor":30,"turns":4},{"damage":12,"enemies":"Shelled Parasite and Fungi","floor":31,"turns":3},{"damage":16,"enemies":"Champ","floor":33,"turns":14},{"damage":0,"enemies":"Orb Walker","floor":35,"turns":4},{"damage":14,"enemies":"3 Shapes","floor":38,"turns":3},{"damage":88,"enemies":"Giant Head","floor":40,"turns":9},{"damage":25,"enemies":"Reptomancer","floor":42,"turns":6},{"damage":27,"enemies":"Transient","floor":44,"turns":3}],"seed_played":"-5590341617497093552","potions_obtained":[{"floor":3,"key":"Dexterity Potion"},{"floor":6,"key":"Explosive Potion"},{"floor":11,"key":"Fire Potion"},{"floor":14,"key":"Weak Potion"},{"floor":16,"key":"Strength Potion"},{"floor":21,"key":"EssenceOfSteel"},{"floor":22,"key":"Dexterity Potion"},{"floor":28,"key":"Swift Potion"}],"is_trial":false,"path_per_floor":["M","M","M","?","M","E","R","?","T","E","M","M","T","E","R","B",null,"M","M","T","M","M","R","M","M","T","R","M","$","M","M","R","B",null,"M","?","$","M","?","E","R","E","T","M"],"character_chosen":"IRONCLAD","items_purchased":["Bag of Preparation","Toolbox","FairyPotion","Thinking Ahead","Inflame","Dexterity Potion"],"campfire_rested":2,"item_purchase_floors":[29,29,29,29,37,37],"current_hp_per_floor":[80,80,80,80,75,72,72,61,61,36,26,22,22,15,42,36,90,76,72,72,56,31,31,10,13,13,40,37,37,29,23,23,23,90,90,90,90,82,72,33,33,14,14,0],"gold":220,"neow_bonus":"UPGRADE_CARD","is_prod":false,"is_daily":false,"chose_seed":false,"campfire_upgraded":4,"win_rate":0,"timestamp":1690505529,"path_taken":["M","M","M","?","M","E","R","?","T","E","M","M","?","E","R","BOSS","M","M","?","?","?","R","M","M","T","R","M","?","M","M","R","BOSS","M","?","$","M","?","E","R","E","T","M"],"build_version":"2022-12-18","purchased_purges":1,"victory":false,"max_hp_per_floor":[80,80,80,80,80,90,90,90,90,90,90,90,90,90,90,90,90,90,90,90,90,90,90,90,90,90,90,90,90,90,90,90,90,90,90,90,90,90,90,90,90,90,90,90],"card_choices":[{"not_picked":["Bloodletting","Wild Strike"],"picked":"Sword Boomerang","floor":1},{"not_picked":["Clothesline","Searing Blow"],"picked":"Thunderclap","floor":2},{"not_picked":["Whirlwind","Iron Wave"],"picked":"Inflame","floor":3},{"not_picked":["Sword Boomerang","Warcry"],"picked":"Flex","floor":5},{"not_picked":["True Grit","Battle Trance"],"picked":"Double Tap","floor":6},{"not_picked":["Sentinel","Heavy Blade"],"picked":"Headbutt","floor":10},{"not_picked":["Dropkick","Body Slam"],"picked":"Spot Weakness","floor":11},{"not_picked":["Iron Wave","Anger"],"picked":"Ghostly Armor","floor":12},{"not_picked":["Wild Strike","Perfected Strike"],"picked":"Anger","floor":14},{"not_picked":["Fiend Fire","Immolate"],"picked":"Barricade","floor":16},{"not_picked":["Pommel Strike","Wild Strike","Headbutt"],"picked":"SKIP","floor":18},{"not_picked":["Entrench","Havoc"],"picked":"Iron Wave+1","floor":19},{"not_picked":["Thunderclap","Body Slam"],"picked":"Armaments","floor":21},{"not_picked":["Clash","Body Slam"],"picked":"Thunderclap+1","floor":22},{"not_picked":["Sword Boomerang","Intimidate+1"],"picked":"Anger+1","floor":24},{"not_picked":["Sentinel+1","Clash"],"picked":"Impervious","floor":25},{"not_picked":["Rampage","Anger"],"picked":"Flame Barrier","floor":28},{"not_picked":["Havoc","Perfected Strike"],"picked":"Flex","floor":30},{"not_picked":["Evolve+1","Warcry"],"picked":"Armaments","floor":31},{"not_picked":["Exhume","Juggernaut"],"picked":"Impervious","floor":33},{"not_picked":["Headbutt","Pommel Strike+1"],"picked":"Seeing Red","floor":35},{"not_picked":["Whirlwind+1","Power Through"],"picked":"Seeing Red","floor":38},{"not_picked":["Deep Breath","Swift Strike"],"picked":"Blind","floor":39},{"not_picked":["PanicButton","The Bomb"],"picked":"Jack Of All Trades","floor":39},{"not_picked":["Forethought","Panacea"],"picked":"Madness","floor":39},{"not_picked":["Perfected Strike+1","Clash+1"],"picked":"Power Through","floor":40},{"not_picked":["Double Tap","Dropkick","Iron Wave"],"picked":"SKIP","floor":42}],"player_experience":51119,"relics_obtained":[{"floor":6,"key":"Pear"},{"floor":9,"key":"Bronze Scales"},{"floor":10,"key":"Lantern"},{"floor":13,"key":"Toy Ornithopter"},{"floor":14,"key":"Centennial Puzzle"},{"floor":20,"key":"Pen Nib"},{"floor":26,"key":"Juzu Bracelet"},{"floor":40,"key":"Ancient Tea Set"},{"floor":42,"key":"MealTicket"},{"floor":43,"key":"Eternal Feather"}],"event_choices":[{"damage_healed":0,"gold_gain":0,"player_choice":"Ignored","damage_taken":0,"max_hp_gain":0,"max_hp_loss":0,"event_name":"Liars Game","floor":4,"gold_loss":0},{"damage_healed":0,"gold_gain":75,"player_choice":"Gather Gold","damage_taken":11,"max_hp_gain":0,"max_hp_loss":0,"event_name":"World of Goop","floor":8,"gold_loss":0},{"cards_removed":["Thunderclap"],"damage_healed":0,"gold_gain":0,"player_choice":"Removed Attack","damage_taken":0,"max_hp_gain":0,"max_hp_loss":0,"event_name":"Falling","floor":36,"gold_loss":0},{"damage_healed":0,"gold_gain":0,"player_choice":"Memory 3","damage_taken":10,"max_hp_gain":0,"max_hp_loss":0,"event_name":"SensoryStone","floor":39,"gold_loss":0}],"is_beta":false,"boss_relics":[{"not_picked":["Snecko Eye","Black Blood"],"picked":"Empty Cage"},{"not_picked":["Busted Crown","Runic Dome"],"picked":"SlaversCollar"}],"items_purged_floors":[29],"is_endless":false,"potions_floor_spawned":[3,6,11,12,14,16,21,22,28,31],"killed_by":"Transient","ascension_level":0}