{"gold_per_floor":[119,135,148,148,38,38,56,89,89,109,41,59,59,73,73,170,170,189,32,45,225,245,245,277,277,277,277,297,310,336,336,336,435,435,455,475,475,230,230,230,244,244,293,293,326,336,66,81,81,81],"floor_reached":51,"playtime":3710,"items_purged":["Strike_R","Havoc","Parasite"],"score":744,"play_id":"50bc86ca-3d5c-4314-bafd-168d3ccdc162","local_time":"20230807055254","is_ascension_mode":false,"campfire_choices":[{"data":"Armaments","floor":6,"key":"SMITH"},{"data":"Demon Form","floor":13,"key":"SMITH"},{"data":"Rage","floor":15,"key":"SMITH"},{"data":"Infernal Blade","floor":23,"key":"SMITH"},{"floor":25,"key":"REST"},{"data":"Shrug It Off","floor":27,"key":"SMITH"},{"data":"Shrug It Off","floor":32,"key":"SMITH"},{"data":"Shrug It Off","floor":40,"key":"SMITH"},{"data":"Bloodletting","floor":42,"key":"SMITH"},{"data":"Intimidate","floor":44,"key":"SMITH"},{"data":"Ghostly Armor","floor":49,"key":"SMITH"}],"neow_cost":"NONE","seed_source_timestamp":1869398753658700,"circlet_count":0,"master_deck":["Bash+1","Infernal Blade+1","Armaments+1","Shrug It Off+1","Pummel","Twin Strike","Demon Form+1","Intimidate+1","Bloodletting+1","Rage+1","Limit Break","Intimidate","Sword Boomerang","Anger","Shrug It Off+1","Shockwave","Shrug It Off+1","Twin Strike+1","Metallicize","Reaper","Armaments+1","Sword Boomerang+1","Ghostly Armor+1","Rage+1"],"relics":["Burning Blood","Bottled Flame","Bottled Tornado","Pandora\u0027s Box","Brimstone","Blood Vial","Kunai","Self Forming Clay","Runic Pyramid","Anchor","Nunchaku","Shuriken"],"potions_floor_usage":[14,16,30,30,33,50,50],"damage_taken":[{"damage":1,"enemies":"Cultist","floor":1,"turns":3},{"damage":11,"enemies":"Jaw Worm","floor":2,"turns":3},{"damage":0,"enemies":"2 Louse","floor":3,"turns":2},{"damage":11,"enemies":"Exordium Thugs","floor":7,"turns":8},{"damage":11,"enemies":"Gremlin Nob","floor":8,"turns":3},{"damage":24,"enemies":"Large Slime","floor":10,"turns":6},{"damage":8,"enemies":"Gremlin Gang","floor":12,"turns":5},{"damage":14,"enemies":"Lots of Slimes","floor":14,"turns":6},{"damage":3,"enemies":"Slime Boss","floor":16,"turns":3},{"damage":5,"enemies":"3 Byrds","floor":18,"turns":6},{"damage":4,"enemies":"Spheric Guardian","floor":20,"turns":3},{"damage":16,"enemies":"Cultist and Chosen","floor":22,"turns":5},{"damage":28,"enemies":"Slavers","floor":24,"turns":5},{"damage":22,"enemies":"Shelled Parasite and Fungi","floor":28,"turns":3},{"damage":8,"enemies":"3 Cultists","floor":29,"turns":4},{"damage":20,"enemies":"Gremlin Leader","floor":30,"turns":4},{"damage":14,"enemies":"Champ","floor":33,"turns":6},{"damage":16,"enemies":"3 Darklings","floor":35,"turns":4},{"damage":14,"enemies":"3 Shapes","floor":36,"turns":4},{"damage":11,"enemies":"Writhing Mass","floor":41,"turns":4},{"damage":10,"enemies":"Giant Head","floor":45,"turns":5},{"damage":24,"enemies":"4 Shapes","floor":46,"turns":4},{"damage":21,"enemies":"Spire Growth","floor":48,"turns":4},{"damage":63,"enemies":"Awakened One","floor":50,"turns":8}],"seed_played":"-4886373703092979421","potions_obtained":[{"floor":1,"key":"Regen Potion"},{"floor":8,"key":"SteroidPotion"},{"floor":10,"key":"DistilledChaos"},{"floor":22,"key":"LiquidMemories"},{"floor":24,"key":"SpeedPotion"},{"floor":30,"key":"PowerPotion"},{"floor":35,"key":"SkillPotion"},{"floor":41,"key":"EntropicBrew"},{"floor":45,"key":"Strength Potion"}],"is_trial":false,"path_per_floor":["M","M","M","?","$","R","M","E","T","M","$","M","R","M","R","B",null,"M","$","M","?","M","R","E","R","T","R","M","M","E","?","R","B",null,"M","M","?","$","?","R","M","R","T","R","E","M","$","M","R","B",null],"character_chosen":"IRONCLAD","items_purchased":["Pummel","Intimidate","Brimstone","Anchor","Ghostly Armor","LiquidMemories"],"campfire_rested":1,"item_purchase_floors":[5,11,19,38,47,47],"current_hp_per_floor":[80,75,80,73,73,73,68,63,63,45,45,43,43,50,50,53,80,80,80,80,55,45,45,23,47,47,47,33,33,21,47,47,41,80,80,80,76,76,76,76,76,76,76,76,76,76,73,73,73,49],"gold":81,"neow_bonus":"UPGRADE_CARD","is_prod":false,"is_daily":false,"chose_seed":false,"campfire_upgraded":10,"win_rate":0,"timestamp":1691412774,"path_taken":["M","M","M","?","$","R","M","E","T","M","$","M","R","M","R","BOSS","M","$","M","?","M","R","E","R","T","R","?","M","E","?","R","BOSS","M","M","?","?","?","R","?","R","T","R","E","M","$","M","R","BOSS"],"build_version":"2022-12-18","purchased_purges":3,"victory":true,"max_hp_per_floor":[80,80,80,80,80,80,80,80,80,80,80,80,80,80,80,80,80,80,80,80,80,80,80,80,80,80,80,80,80,80,80,80,80,80,80,80,76,76,76,76,76,76,76,76,76,76,73,73,73,73],"card_choices":[{"not_picked":["Second Wind","Heavy Blade"],"picked":"Infernal Blade","floor":1},{"not_picked":["Anger","Bloodletting"],"picked":"Armaments","floor":2},{"not_picked":["Dark Embrace","Flame Barrier"],"picked":"Shrug It Off","floor":3},{"not_picked":["Fire Breathing","Wild Strike"],"picked":"Twin Strike","floor":7},{"not_picked":["Twin Strike","Iron Wave"],"picked":"Demon Form","floor":8},{"not_picked":["Clash","Uppercut","Iron Wave"],"picked":"SKIP","floor":10},{"not_picked":["Shrug It Off","Perfected Strike"],"picked":"Bloodletting","floor":12},{"not_picked":["Searing Blow","Dual Wield"],"picked":"Rage","floor":14},{"not_picked":["Juggernaut","Exhume"],"picked":"Limit Break","floor":16},{"not_picked":["Twin Strike","Flame Barrier"],"picked":"Shrug It Off","floor":18},{"not_picked":["Havoc+1","Twin Strike","True Grit"],"picked":"SKIP","floor":20},{"not_picked":["Anger+1","Flex"],"picked":"Twin Strike+1","floor":22},{"not_picked":["Anger","Carnage","Clash"],"picked":"SKIP","floor":24},{"not_picked":["Wild Strike+1","Clothesline","Thunderclap"],"picked":"SKIP","floor":28},{"not_picked":["Dropkick","Clothesline"],"picked":"Metallicize","floor":29},{"not_picked":["Flex+1","Brutality","Rampage"],"picked":"SKIP","floor":30},{"not_picked":["Exhume","Bludgeon"],"picked":"Reaper","floor":33},{"not_picked":["Burning Pact+1","Uppercut+1","Shockwave"],"picked":"SKIP","floor":35},{"not_picked":["Clash","Evolve+1"],"picked":"Armaments+1","floor":36},{"not_picked":["Wild Strike","Infernal Blade","Second Wind"],"picked":"SKIP","floor":41},{"not_picked":["Brutality","Flex+1"],"picked":"Sword Boomerang+1","floor":45},{"not_picked":["Reckless Charge+1","Wild Strike","Headbutt+1"],"picked":"SKIP","floor":46},{"not_picked":["Iron Wave","Shrug It Off"],"picked":"Rage+1","floor":48}],"player_experience":140267,"relics_obtained":[{"floor":8,"key":"Bottled Flame"},{"floor":9,"key":"Bottled Tornado"},{"floor":24,"key":"Blood Vial"},{"floor":26,"key":"Kunai"},{"floor":30,"key":"Self Forming Clay"},{"floor":43,"key":"Nunchaku"},{"floor":45,"key":"Shuriken"}],"event_choices":[{"cards_removed":["Strike_R"],"damage_healed":0,"gold_gain":0,"player_choice":"Card Removal","damage_taken":7,"max_hp_gain":0,"max_hp_loss":0,"event_name":"Golden Wing","floor":4,"gold_loss":0},{"damage_healed":0,"gold_gain":180,"player_choice":"GOLD POTION GOLD ","damage_taken":25,"max_hp_gain":0,"max_hp_loss":0,"event_name":"Knowing Skull","floor":21,"potions_obtained":["SneckoOil"],"gold_loss":0,"cards_obtained":[]},{"damage_healed":26,"gold_gain":0,"player_choice":"Heal","damage_taken":0,"max_hp_gain":0,"max_hp_loss":0,"event_name":"The Library","floor":31,"gold_loss":0},{"damage_healed":0,"gold_gain":0,"player_choice":"Max HP","damage_taken":0,"max_hp_gain":0,"max_hp_loss":4,"event_name":"Winding Halls","floor":37,"gold_loss":0},{"cards_removed":["Burning Pact"],"damage_healed":0,"gold_gain":0,"player_choice":"Offered Uncommon","damage_taken":0,"max_hp_gain":0,"max_hp_loss":0,"event_name":"Bonfire Elementals","floor":39,"gold_loss":0}],"is_beta":false,"boss_relics":[{"not_picked":["Runic Dome","Calling Bell"],"picked":"Pandora\u0027s Box"},{"not_picked":["Astrolabe","Tiny House"],"picked":"Runic Pyramid"}],"items_purged_floors":[5,38,47],"is_endless":false,"potions_floor_spawned":[1,8,10,12,22,24,30,35,41,45],"ascension_level":0}