{"gold_per_floor":[116,126,126,126,143,143,177,177,177,177,193,293,308,327,327,432,432,421,52,52,52,7,26,60,73,145,145,173,187,187,202,202,307,307,320,340,340,355,371,371,371,9,9,9,21,50,50,68,68,68],"floor_reached":51,"playtime":4470,"items_purged":["Strike_R"],"score":669,"play_id":"487959af-4212-4496-8006-807ff0c5aabf","local_time":"20230806155731","is_ascension_mode":false,"campfire_choices":[{"data":"Armaments","floor":6,"key":"SMITH"},{"data":"Iron Wave","floor":8,"key":"SMITH"},{"data":"Bash","floor":10,"key":"SMITH"},{"data":"Intimidate","floor":15,"key":"SMITH"},{"data":"Shrug It Off","floor":27,"key":"SMITH"},{"data":"Power Through","floor":30,"key":"SMITH"},{"floor":32,"key":"REST"},{"data":"Warcry","floor":41,"key":"SMITH"},{"data":"Flex","floor":47,"key":"SMITH"},{"floor":49,"key":"REST"}],"neow_cost":"PERCENT_DAMAGE","seed_source_timestamp":1818529228912600,"circlet_count":0,"master_deck":["Strike_R","Strike_R","Defend_R","Defend_R","Defend_R","Bash+1","Armaments+1","Iron Wave+1","Seeing Red","Sword Boomerang","Flex+1","Metallicize+1","Intimidate+1","Impervious","Clothesline+1","Offering","Evolve+1","Inflame+1","Shrug It Off+1","Rupture+1","Pummel","Warcry+1","Sword Boomerang","Power Through+1","Flex+1","Rupture+1","Metallicize+1","Twin Strike+1"],"relics":["Burning Blood","Pantograph","Frozen Egg 2","Bottled Lightning","Black Star","Sling","The Courier","Eternal Feather","Singing Bowl","HornCleat","Potion Belt","Philosopher\u0027s Stone","ClockworkSouvenir","Centennial Puzzle","Kunai","Juzu Bracelet","Nunchaku"],"potions_floor_usage":[24,33,33,33,33,33,45,46],"damage_taken":[{"damage":5,"enemies":"Small Slimes","floor":1,"turns":3},{"damage":1,"enemies":"Cultist","floor":2,"turns":3},{"damage":0,"enemies":"2 Louse","floor":5,"turns":3},{"damage":17,"enemies":"Lagavulin","floor":7,"turns":11},{"damage":1,"enemies":"Lots of Slimes","floor":11,"turns":5},{"damage":0,"enemies":"Looter","floor":13,"turns":2},{"damage":1,"enemies":"Blue Slaver","floor":14,"turns":4},{"damage":57,"enemies":"Hexaghost","floor":16,"turns":14},{"damage":4,"enemies":"2 Thieves","floor":18,"turns":4},{"damage":6,"enemies":"Chosen","floor":23,"turns":4},{"damage":29,"enemies":"Slavers","floor":24,"turns":6},{"damage":36,"enemies":"Shelled Parasite and Fungi","floor":25,"turns":5},{"damage":28,"enemies":"Gremlin Leader","floor":28,"turns":10},{"damage":1,"enemies":"Centurion and Healer","floor":29,"turns":10},{"damage":19,"enemies":"Snake Plant","floor":31,"turns":6},{"damage":46,"enemies":"Collector","floor":33,"turns":14},{"damage":0,"enemies":"3 Shapes","floor":35,"turns":4},{"damage":0,"enemies":"Orb Walker","floor":36,"turns":5},{"damage":55,"enemies":"4 Shapes","floor":38,"turns":8},{"damage":6,"enemies":"Maw","floor":39,"turns":9},{"damage":14,"enemies":"Sphere and 2 Shapes","floor":45,"turns":8},{"damage":16,"enemies":"Nemesis","floor":46,"turns":9},{"damage":10,"enemies":"Jaw Worm Horde","floor":48,"turns":4},{"damage":66,"enemies":"Awakened One","floor":50,"turns":12}],"seed_played":"-2897890513477419562","potions_obtained":[{"floor":2,"key":"DistilledChaos"},{"floor":7,"key":"EntropicBrew"},{"floor":13,"key":"LiquidMemories"},{"floor":18,"key":"GamblersBrew"},{"floor":23,"key":"DistilledChaos"},{"floor":33,"key":"LiquidMemories"},{"floor":35,"key":"FairyPotion"},{"floor":38,"key":"Ancient Potion"},{"floor":39,"key":"ColorlessPotion"}],"is_trial":false,"path_per_floor":["M","M","?","?","M","R","E","R","T","R","M","?","M","M","R","B",null,"M","$","?","?","$","M","E","M","T","R","E","M","R","M","R","B",null,"M","M","?","M","M","?","R","$","T","$","M","E","R","M","R","B",null],"character_chosen":"IRONCLAD","items_purchased":["Sling","Offering","Evolve+1","Shrug It Off","Metallicize+1","ClockworkSouvenir","Centennial Puzzle"],"campfire_rested":2,"item_purchase_floors":[19,19,19,22,42,42,42],"current_hp_per_floor":[57,62,62,62,68,68,57,57,57,57,62,62,68,73,73,29,80,80,80,80,80,80,80,57,27,27,39,17,22,37,26,65,44,84,86,88,88,39,39,39,54,54,54,54,48,40,55,51,92,32],"gold":68,"neow_bonus":"REMOVE_TWO","is_prod":false,"is_daily":false,"chose_seed":false,"campfire_upgraded":8,"win_rate":0,"timestamp":1691362651,"path_taken":["M","M","?","?","M","R","E","R","T","R","?","?","M","M","R","BOSS","M","?","?","?","?","M","E","M","T","R","E","M","R","M","R","BOSS","M","M","?","M","M","?","R","?","T","$","M","E","R","M","R","BOSS"],"build_version":"2022-12-18","purchased_purges":1,"victory":true,"max_hp_per_floor":[80,80,80,80,80,80,80,80,80,80,80,80,80,80,80,80,80,80,80,80,80,80,80,80,80,80,80,80,80,80,82,82,84,84,86,88,88,88,88,88,88,88,88,88,90,92,92,92,92,92],"card_choices":[{"not_picked":["Perfected Strike","Cleave"],"picked":"Armaments","floor":1},{"not_picked":["Anger","Whirlwind"],"picked":"Iron Wave","floor":2},{"not_picked":["Pommel Strike","Flame Barrier"],"picked":"Seeing Red","floor":5},{"not_picked":["True Grit","Impervious"],"picked":"Sword Boomerang","floor":7},{"not_picked":["Clothesline","Anger"],"picked":"Flex","floor":11},{"not_picked":["Shrug It Off","Perfected Strike"],"picked":"Metallicize+1","floor":13},{"not_picked":["Headbutt","Shrug It Off"],"picked":"Intimidate","floor":14},{"not_picked":["Berserk+1","Exhume"],"picked":"Impervious","floor":16},{"not_picked":["Blood for Blood","Headbutt"],"picked":"Clothesline+1","floor":18},{"not_picked":["True Grit","Warcry"],"picked":"Rupture+1","floor":23},{"not_picked":["Cleave","Intimidate+1"],"picked":"Pummel","floor":24},{"not_picked":["Clash+1","Havoc"],"picked":"Warcry","floor":25},{"not_picked":["Barricade+1","Clash"],"picked":"Sword Boomerang","floor":28},{"not_picked":["Hemokinesis+1","Sword Boomerang"],"picked":"Power Through","floor":29},{"not_picked":["Pommel Strike","Twin Strike+1","Reckless Charge"],"picked":"Singing Bowl","floor":31},{"not_picked":["Bludgeon","Corruption+1","Immolate"],"picked":"Singing Bowl","floor":33},{"not_picked":["Perfected Strike","Pommel Strike+1","Iron Wave+1"],"picked":"Singing Bowl","floor":35},{"not_picked":["Whirlwind","Anger","Corruption+1"],"picked":"Singing Bowl","floor":36},{"not_picked":["Pommel Strike","Twin Strike+1"],"picked":"Flex+1","floor":38},{"not_picked":["Searing Blow+1","Body Slam"],"picked":"Rupture+1","floor":39},{"not_picked":["Heavy Blade+1","Havoc","Body Slam"],"picked":"Singing Bowl","floor":45},{"not_picked":["Double Tap","Searing Blow","Thunderclap"],"picked":"Singing Bowl","floor":46},{"not_picked":["Body Slam","True Grit"],"picked":"Twin Strike+1","floor":48}],"player_experience":123367,"relics_obtained":[{"floor":7,"key":"Frozen Egg 2"},{"floor":9,"key":"Bottled Lightning"},{"floor":24,"key":"The Courier"},{"floor":24,"key":"Eternal Feather"},{"floor":26,"key":"Singing Bowl"},{"floor":28,"key":"HornCleat"},{"floor":28,"key":"Potion Belt"},{"floor":43,"key":"Kunai"},{"floor":46,"key":"Juzu Bracelet"},{"floor":46,"key":"Nunchaku"}],"event_choices":[{"damage_healed":0,"gold_gain":0,"player_choice":"Ignored","damage_taken":0,"max_hp_gain":0,"max_hp_loss":0,"event_name":"Liars Game","floor":3,"gold_loss":0},{"damage_healed":0,"gold_gain":0,"player_choice":"Gave Potion","damage_taken":0,"relics_obtained":["Pantograph"],"max_hp_gain":0,"max_hp_loss":0,"event_name":"WeMeetAgain","floor":4,"gold_loss":0},{"damage_healed":0,"gold_gain":100,"player_choice":"Pray","damage_taken":0,"max_hp_gain":0,"max_hp_loss":0,"event_name":"Golden Shrine","floor":12,"gold_loss":0},{"damage_healed":0,"gold_gain":0,"player_choice":"Ignored","damage_taken":0,"max_hp_gain":0,"max_hp_loss":0,"event_name":"Ghosts","floor":20,"gold_loss":0},{"damage_healed":0,"gold_gain":0,"player_choice":"Read","damage_taken":0,"max_hp_gain":0,"max_hp_loss":0,"event_name":"The Library","floor":21,"gold_loss":0,"cards_obtained":["Inflame"]},{"cards_removed":["Strike_R"],"damage_healed":0,"gold_gain":0,"player_choice":"Removed Attack","damage_taken":0,"max_hp_gain":0,"max_hp_loss":0,"event_name":"Falling","floor":37,"gold_loss":0},{"damage_healed":0,"gold_gain":0,"player_choice":"Ignored","damage_taken":0,"max_hp_gain":0,"max_hp_loss":0,"event_name":"Tomb of Lord Red Mask","floor":40,"gold_loss":0}],"is_beta":false,"boss_relics":[{"not_picked":["Runic Dome","Astrolabe"],"picked":"Black Star"},{"not_picked":["Tiny House","Empty Cage"],"picked":"Philosopher\u0027s Stone"}],"items_purged_floors":[42],"is_endless":false,"potions_floor_spawned":[2,7,13,18,23,33,35,38,39],"ascension_level":0}