{"gold_per_floor":[117,132,151,166,56,90,90,121,121,196,229,241,287,317,329,445,457,483,77,77,92,92,92,111,139,185,202,221,221,236,247,247,346,346,363,413,413,138,138,138,155,184,184,213,233,16,26,26,26,26],"floor_reached":51,"playtime":4551,"items_purged":["Strike_R","Strike_R","Strike_R","Strike_R"],"score":742,"play_id":"0f09f0ab-582d-4221-8732-d8616f51553d","local_time":"20230813151013","is_ascension_mode":true,"campfire_choices":[{"data":"Armaments","floor":7,"key":"SMITH"},{"data":"Armaments","floor":15,"key":"SMITH"},{"data":"Rupture","floor":23,"key":"SMITH"},{"data":"Combust","floor":29,"key":"SMITH"},{"data":"Berserk","floor":32,"key":"SMITH"},{"data":"Ghostly Armor","floor":40,"key":"SMITH"},{"data":"Metallicize","floor":49,"key":"SMITH"}],"neow_cost":"NONE","seed_source_timestamp":391242506320700,"circlet_count":0,"master_deck":["Strike_R","Defend_R+1","Defend_R","Defend_R","Defend_R+1","Bash","Madness","Armaments+1","Clothesline","Iron Wave","Evolve","Combust+1","Ghostly Armor+1","Armaments+1","Double Tap","Shrug It Off+1","Rupture+1","Hemokinesis","Master of Strategy","Panacea","Berserk+1","Metallicize+1","Shrug It Off+1","Sword Boomerang","Bloodletting","Impervious","Anger+1","Sword Boomerang+1","Shockwave+1","Metallicize+1"],"relics":["Black Blood","Strawberry","InkBottle","Meat on the Bone","MawBank","Boot","War Paint","Bag of Marbles","Lantern","Mark of Pain","Prayer Wheel","Oddly Smooth Stone","Toy Ornithopter","Du-Vu Doll","Red Skull","Blue Candle"],"potions_floor_usage":[8,13,33,47,50,50,50],"damage_taken":[{"damage":1,"enemies":"Cultist","floor":1,"turns":4},{"damage":5,"enemies":"Jaw Worm","floor":2,"turns":4},{"damage":0,"enemies":"2 Louse","floor":3,"turns":2},{"damage":4,"enemies":"Looter","floor":4,"turns":4},{"damage":17,"enemies":"Lagavulin","floor":6,"turns":8},{"damage":15,"enemies":"Gremlin Nob","floor":8,"turns":4},{"damage":12,"enemies":"Lagavulin","floor":11,"turns":7},{"damage":10,"enemies":"3 Sentries","floor":13,"turns":6},{"damage":11,"enemies":"Exordium Thugs","floor":14,"turns":6},{"damage":25,"enemies":"Slime Boss","floor":16,"turns":9},{"damage":24,"enemies":"Spheric Guardian","floor":18,"turns":5},{"damage":15,"enemies":"3 Byrds","floor":21,"turns":4},{"damage":19,"enemies":"Cultist and Chosen","floor":24,"turns":7},{"damage":60,"enemies":"Gremlin Leader","floor":25,"turns":9},{"damage":16,"enemies":"Centurion and Healer","floor":27,"turns":12},{"damage":14,"enemies":"Shelled Parasite and Fungi","floor":28,"turns":8},{"damage":17,"enemies":"Snake Plant","floor":30,"turns":9},{"damage":25,"enemies":"Sentry and Sphere","floor":31,"turns":7},{"damage":37,"enemies":"Champ","floor":33,"turns":8},{"damage":14,"enemies":"Orb Walker","floor":35,"turns":5},{"damage":9,"enemies":"Mind Bloom Boss Battle","floor":36,"turns":6},{"damage":34,"enemies":"3 Darklings","floor":41,"turns":7},{"damage":43,"enemies":"Nemesis","floor":42,"turns":9},{"damage":24,"enemies":"Giant Head","floor":44,"turns":9},{"damage":14,"enemies":"Spire Growth","floor":45,"turns":7},{"damage":22,"enemies":"Maw","floor":47,"turns":8},{"damage":53,"enemies":"Awakened One","floor":50,"turns":9}],"seed_played":"-3735399595704930225","potions_obtained":[{"floor":2,"key":"SteroidPotion"},{"floor":3,"key":"SkillPotion"},{"floor":11,"key":"Ancient Potion"},{"floor":16,"key":"SpeedPotion"},{"floor":21,"key":"AttackPotion"},{"floor":27,"key":"Weak Potion"},{"floor":35,"key":"DistilledChaos"},{"floor":42,"key":"DistilledChaos"},{"floor":47,"key":"Block Potion"}],"is_trial":false,"path_per_floor":["M","M","M","M","$","E","R","E","T","?","E","?","E","M","R","B",null,"M","$","?","M","$","R","M","E","T","M","M","R","M","M","R","B",null,"M","?","?","$","?","R","M","E","T","E","M","$","M","T","R","B",null],"character_chosen":"IRONCLAD","items_purchased":["Combust","Rupture","Hemokinesis","Master of Strategy","Oddly Smooth Stone","Metallicize"],"campfire_rested":0,"item_purchase_floors":[5,19,19,19,38,46],"current_hp_per_floor":[80,80,80,80,80,76,76,67,67,56,50,38,46,53,53,46,87,75,75,75,72,72,72,65,29,29,37,47,47,54,53,53,40,87,85,87,87,87,87,87,65,46,46,46,56,56,63,63,63,49],"gold":26,"neow_bonus":"RANDOM_COLORLESS","is_prod":false,"is_daily":false,"chose_seed":false,"campfire_upgraded":7,"win_rate":0,"timestamp":1691964613,"path_taken":["M","M","?","M","$","E","R","E","T","?","E","?","E","M","R","BOSS","M","$","?","M","?","R","M","E","T","M","M","R","M","M","R","BOSS","M","?","?","$","?","R","?","E","T","E","M","$","M","?","R","BOSS"],"build_version":"2022-12-18","purchased_purges":4,"victory":true,"max_hp_per_floor":[80,80,80,80,80,87,87,87,87,87,87,87,87,87,87,87,87,87,87,87,87,87,87,87,87,87,87,87,87,87,87,87,87,87,87,87,87,87,87,87,87,87,87,87,87,87,87,87,87,87],"card_choices":[{"not_picked":["Forethought","Purity"],"picked":"Madness","floor":0},{"not_picked":["Clash","Carnage"],"picked":"Armaments","floor":1},{"not_picked":["Perfected Strike","Evolve"],"picked":"Clothesline","floor":2},{"not_picked":["Heavy Blade","Havoc"],"picked":"Iron Wave","floor":3},{"not_picked":["Body Slam","Headbutt"],"picked":"Evolve","floor":4},{"not_picked":["Feel No Pain","Corruption"],"picked":"Ghostly Armor","floor":6},{"not_picked":["Iron Wave","Wild Strike","Clothesline"],"picked":"SKIP","floor":8},{"not_picked":["Clothesline","Carnage","Exhume"],"picked":"SKIP","floor":11},{"not_picked":["Perfected Strike","Entrench"],"picked":"Armaments","floor":13},{"not_picked":["Sword Boomerang","Body Slam","Whirlwind"],"picked":"SKIP","floor":14},{"not_picked":["Barricade","Immolate"],"picked":"Double Tap","floor":16},{"not_picked":["Anger+1","Heavy Blade+1"],"picked":"Shrug It Off+1","floor":18},{"not_picked":["Thunderclap","Clothesline"],"picked":"Metallicize+1","floor":21},{"not_picked":["Anger","Flex+1"],"picked":"Shrug It Off+1","floor":24},{"not_picked":["Wild Strike","Evolve","Dropkick+1"],"picked":"SKIP","floor":25},{"not_picked":["Warcry","Uppercut","Ghostly Armor"],"picked":"SKIP","floor":27},{"not_picked":["Wild Strike","Headbutt+1","Exhume"],"picked":"SKIP","floor":28},{"not_picked":["Iron Wave","Heavy Blade+1"],"picked":"Sword Boomerang","floor":30},{"not_picked":["Pommel Strike+1","Armaments"],"picked":"Bloodletting","floor":31},{"not_picked":["Berserk","Brutality"],"picked":"Impervious","floor":33},{"not_picked":["Clothesline+1","Second Wind"],"picked":"Anger+1","floor":35},{"not_picked":["Headbutt","Feel No Pain"],"picked":"Sword Boomerang+1","floor":36},{"not_picked":["Battle Trance","Wild Strike+1"],"picked":"Shockwave+1","floor":41},{"not_picked":["Flex+1","Sever Soul+1","Combust"],"picked":"SKIP","floor":41},{"not_picked":["Perfected Strike+1","Flame Barrier+1","Headbutt+1"],"picked":"SKIP","floor":42},{"not_picked":["Shrug It Off","Pummel","Berserk"],"picked":"SKIP","floor":44},{"not_picked":["Perfected Strike+1","True Grit","Headbutt"],"picked":"SKIP","floor":45},{"not_picked":["Shrug It Off","Fire Breathing+1","Headbutt"],"picked":"SKIP","floor":45},{"not_picked":["Dark Embrace+1","Uppercut","Flex"],"picked":"SKIP","floor":47},{"not_picked":["Sentinel+1","Brutality","Clothesline"],"picked":"SKIP","floor":47}],"player_experience":217852,"relics_obtained":[{"floor":6,"key":"Strawberry"},{"floor":8,"key":"InkBottle"},{"floor":9,"key":"Meat on the Bone"},{"floor":11,"key":"MawBank"},{"floor":13,"key":"War Paint"},{"floor":25,"key":"Bag of Marbles"},{"floor":26,"key":"Lantern"},{"floor":36,"key":"Prayer Wheel"},{"floor":42,"key":"Toy Ornithopter"},{"floor":43,"key":"Du-Vu Doll"},{"floor":44,"key":"Red Skull"},{"floor":48,"key":"Blue Candle"}],"event_choices":[{"damage_healed":0,"gold_gain":75,"player_choice":"Gather Gold","damage_taken":11,"max_hp_gain":0,"max_hp_loss":0,"event_name":"World of Goop","floor":10,"gold_loss":0},{"damage_healed":0,"gold_gain":0,"player_choice":"Success","damage_taken":12,"relics_obtained":["Boot"],"max_hp_gain":0,"max_hp_loss":0,"event_name":"Scrap Ooze","floor":12,"gold_loss":0},{"damage_healed":0,"gold_gain":0,"player_choice":"2 cards matched","damage_taken":0,"max_hp_gain":0,"max_hp_loss":0,"event_name":"Match and Keep!","floor":20,"gold_loss":0,"cards_obtained":["Panacea","Berserk"]},{"damage_healed":0,"gold_gain":0,"player_choice":"Fight","damage_taken":0,"max_hp_gain":0,"max_hp_loss":0,"event_name":"MindBloom","floor":36,"gold_loss":0},{"damage_healed":0,"gold_gain":0,"player_choice":"Ignored","damage_taken":0,"max_hp_gain":0,"max_hp_loss":0,"event_name":"Tomb of Lord Red Mask","floor":37,"gold_loss":0},{"damage_healed":0,"gold_gain":0,"player_choice":"Ignored","damage_taken":0,"max_hp_gain":0,"max_hp_loss":0,"event_name":"SecretPortal","floor":39,"gold_loss":0}],"is_beta":false,"boss_relics":[{"not_picked":["SacredBark","Ectoplasm"],"picked":"Black Blood"},{"not_picked":["Sozu","Runic Pyramid"],"picked":"Mark of Pain"}],"items_purged_floors":[5,19,38,46],"is_endless":false,"potions_floor_spawned":[2,3,11,16,21,27,31,35,41,42,44,47],"ascension_level":1}