{"gold_per_floor":[16,31,44,44,63,95,95,120,144,161,261,261,281,300,300,401,401,411,393,418,430,430,430,430],"floor_reached":24,"playtime":1923,"items_purged":[],"score":210,"play_id":"5b63ae14-aedf-454f-8929-330648d2bbfb","local_time":"20230809195639","is_ascension_mode":false,"campfire_choices":[{"data":"Demon Form","floor":7,"key":"SMITH"},{"data":"Clothesline","floor":12,"key":"SMITH"},{"data":"Armaments","floor":15,"key":"SMITH"},{"data":"Defend_R","floor":23,"key":"SMITH"}],"neow_cost":"NO_GOLD","seed_source_timestamp":65471401665400,"circlet_count":0,"master_deck":["Strike_R","Strike_R","Strike_R","Strike_R","Defend_R","Defend_R+1","Defend_R","Defend_R","Bash","Demon Form+1","Twin Strike","Thunderclap","Power Through","Warcry","Dual Wield","Clothesline+1","Intimidate","Armaments+1","Demon Form","Armaments+1","Evolve+1"],"relics":["Black Blood","Turnip","Dream Catcher","Happy Flower","Red Mask","Akabeko"],"potions_floor_usage":[8,16,20,20,20],"damage_taken":[{"damage":5,"enemies":"2 Louse","floor":1,"turns":3},{"damage":0,"enemies":"Cultist","floor":2,"turns":4},{"damage":0,"enemies":"Small Slimes","floor":3,"turns":2},{"damage":9,"enemies":"Blue Slaver","floor":5,"turns":4},{"damage":27,"enemies":"Gremlin Nob","floor":6,"turns":5},{"damage":13,"enemies":"3 Sentries","floor":8,"turns":8},{"damage":19,"enemies":"Exordium Thugs","floor":10,"turns":7},{"damage":3,"enemies":"Large Slime","floor":13,"turns":6},{"damage":2,"enemies":"Looter","floor":14,"turns":4},{"damage":26,"enemies":"Hexaghost","floor":16,"turns":7},{"damage":14,"enemies":"Spheric Guardian","floor":18,"turns":6},{"damage":12,"enemies":"2 Thieves","floor":19,"turns":4},{"damage":67,"enemies":"Masked Bandits","floor":20,"turns":6},{"damage":16,"enemies":"Snake Plant","floor":21,"turns":7},{"damage":22,"enemies":"Snecko","floor":24,"turns":6}],"seed_played":"8116727273072038205","potions_obtained":[{"floor":2,"key":"Swift Potion"},{"floor":3,"key":"SneckoOil"},{"floor":8,"key":"AttackPotion"},{"floor":13,"key":"AttackPotion"},{"floor":19,"key":"ColorlessPotion"},{"floor":21,"key":"Fire Potion"}],"is_trial":false,"path_per_floor":["M","M","M","?","M","E","R","E","T","M","?","R","M","M","R","B",null,"M","M","?","M","?","R","M"],"character_chosen":"IRONCLAD","items_purchased":[],"campfire_rested":0,"item_purchase_floors":[],"current_hp_per_floor":[80,80,80,80,77,56,56,49,49,36,36,36,39,43,43,23,80,78,78,23,19,19,19,0],"gold":430,"neow_bonus":"THREE_RARE_CARDS","is_prod":false,"is_daily":false,"chose_seed":false,"campfire_upgraded":4,"win_rate":0,"timestamp":1691636199,"path_taken":["M","M","M","?","M","E","R","E","T","M","?","R","M","?","R","BOSS","M","M","?","M","?","R","?"],"build_version":"2022-12-18","purchased_purges":0,"victory":false,"max_hp_per_floor":[80,80,80,80,80,80,80,80,80,80,80,80,80,80,80,80,80,80,80,80,80,80,80,80],"card_choices":[{"not_picked":["Immolate","Juggernaut"],"picked":"Demon Form","floor":0},{"not_picked":["Body Slam","Dropkick"],"picked":"Twin Strike","floor":1},{"not_picked":["Body Slam","Pommel Strike"],"picked":"Thunderclap","floor":2},{"not_picked":["Evolve","Body Slam"],"picked":"Power Through","floor":3},{"not_picked":["Cleave","Entrench","Combust"],"picked":"SKIP","floor":5},{"not_picked":["Body Slam","Uppercut"],"picked":"Warcry","floor":6},{"not_picked":["Rage","Immolate"],"picked":"Dual Wield","floor":8},{"not_picked":["Burning Pact","Rampage"],"picked":"Clothesline","floor":10},{"not_picked":["Thunderclap","Headbutt"],"picked":"Intimidate","floor":13},{"not_picked":["Twin Strike","Dark Embrace"],"picked":"Armaments","floor":14},{"not_picked":["Corruption","Feed"],"picked":"Demon Form","floor":16},{"not_picked":["Fire Breathing","Twin Strike","Reckless Charge+1"],"picked":"SKIP","floor":18},{"not_picked":["Heavy Blade","Wild Strike"],"picked":"Armaments+1","floor":19},{"not_picked":["Pommel Strike","Flex"],"picked":"Evolve+1","floor":20},{"not_picked":["Dark Embrace","Wild Strike","Hemokinesis+1"],"picked":"SKIP","floor":21}],"player_experience":181002,"relics_obtained":[{"floor":6,"key":"Turnip"},{"floor":8,"key":"Dream Catcher"},{"floor":9,"key":"Happy Flower"},{"floor":20,"key":"Red Mask"}],"event_choices":[{"cards_removed":["Strike_R"],"damage_healed":0,"gold_gain":0,"player_choice":"Forget","damage_taken":0,"max_hp_gain":0,"max_hp_loss":0,"event_name":"Living Wall","floor":4,"gold_loss":0},{"damage_healed":0,"gold_gain":100,"player_choice":"Gold","damage_taken":0,"max_hp_gain":0,"max_hp_loss":0,"event_name":"Wheel of Change","floor":11,"gold_loss":0},{"damage_healed":0,"gold_gain":0,"player_choice":"Fought Bandits","damage_taken":0,"max_hp_gain":0,"max_hp_loss":0,"event_name":"Masked Bandits","floor":20,"gold_loss":0},{"damage_healed":0,"gold_gain":0,"player_choice":"Gave Potion","damage_taken":0,"relics_obtained":["Akabeko"],"max_hp_gain":0,"max_hp_loss":0,"event_name":"WeMeetAgain","floor":22,"gold_loss":0}],"is_beta":false,"boss_relics":[{"not_picked":["Runic Dome","Black Star"],"picked":"Black Blood"}],"items_purged_floors":[],"is_endless":false,"potions_floor_spawned":[2,3,8,13,19,21],"killed_by":"Snecko","ascension_level":0}