{"gold_per_floor":[119,119,119,24,35,35,49,63,63,63,82,82,110,35,35,130,130,145,129,129,129,145,180,192,49,49,78,90,110,125,25,25,127,127,137,155,174,194,69,69,89,89,115,33,52,84,84,134,134,134],"floor_reached":51,"playtime":4154,"items_purged":["Strike_R","Defend_R","Strike_R"],"score":771,"play_id":"27c440e5-47ab-4665-bf24-a1ca7c1d0954","local_time":"20230811191217","is_ascension_mode":false,"campfire_choices":[{"data":"Anger","floor":6,"key":"SMITH"},{"data":"Armaments","floor":10,"key":"SMITH"},{"data":"Shrug It Off","floor":12,"key":"SMITH"},{"data":"Warcry","floor":15,"key":"SMITH"},{"data":"Shockwave","floor":32,"key":"SMITH"},{"data":"Ghostly Armor","floor":40,"key":"SMITH"},{"data":"Shrug It Off","floor":42,"key":"SMITH"},{"data":"Offering","floor":49,"key":"SMITH"}],"neow_cost":"PERCENT_DAMAGE","seed_source_timestamp":233365429933000,"circlet_count":0,"master_deck":["Defend_R","Bash","Anger+1","Spot Weakness","Shrug It Off+1","Warcry","Armaments+1","Power Through","Warcry+1","Twin Strike+1","Burning Pact","Pummel","Shrug It Off+1","Shrug It Off+1","Shockwave+1","Offering+1","Twin Strike+1","Ghostly Armor+1","Jack Of All Trades"],"relics":["Burning Blood","Pen Nib","Gremlin Horn","FossilizedHelix","Philosopher\u0027s Stone","Red Skull","Brimstone","Singing Bowl","Mercury Hourglass","Empty Cage","MealTicket","Darkstone Periapt","Torii"],"potions_floor_usage":[13,16,16,18,23,27,50,50],"damage_taken":[{"damage":2,"enemies":"Small Slimes","floor":1,"turns":4},{"damage":0,"enemies":"Jaw Worm","floor":5,"turns":3},{"damage":1,"enemies":"2 Louse","floor":7,"turns":2},{"damage":3,"enemies":"Gremlin Gang","floor":8,"turns":5},{"damage":2,"enemies":"Large Slime","floor":11,"turns":5},{"damage":11,"enemies":"Gremlin Nob","floor":13,"turns":4},{"damage":9,"enemies":"The Guardian","floor":16,"turns":9},{"damage":0,"enemies":"3 Byrds","floor":18,"turns":5},{"damage":2,"enemies":"2 Thieves","floor":19,"turns":4},{"damage":22,"enemies":"3 Cultists","floor":22,"turns":6},{"damage":19,"enemies":"Slavers","floor":23,"turns":6},{"damage":0,"enemies":"Cultist and Chosen","floor":24,"turns":4},{"damage":0,"enemies":"Gremlin Leader","floor":27,"turns":4},{"damage":0,"enemies":"Centurion and Healer","floor":28,"turns":3},{"damage":0,"enemies":"Shelled Parasite and Fungi","floor":29,"turns":3},{"damage":0,"enemies":"3 Cultists","floor":30,"turns":4},{"damage":0,"enemies":"Collector","floor":33,"turns":6},{"damage":0,"enemies":"3 Shapes","floor":35,"turns":2},{"damage":6,"enemies":"Orb Walker","floor":36,"turns":2},{"damage":29,"enemies":"Writhing Mass","floor":37,"turns":4},{"damage":19,"enemies":"Sphere and 2 Shapes","floor":38,"turns":4},{"damage":0,"enemies":"Maw","floor":41,"turns":6},{"damage":6,"enemies":"Writhing Mass","floor":45,"turns":3},{"damage":0,"enemies":"Nemesis","floor":46,"turns":4},{"damage":0,"enemies":"Mind Bloom Boss Battle","floor":48,"turns":3},{"damage":8,"enemies":"Donu and Deca","floor":50,"turns":7}],"seed_played":"-8001354360991622853","potions_obtained":[{"floor":5,"key":"Block Potion"},{"floor":7,"key":"SteroidPotion"},{"floor":13,"key":"Weak Potion"},{"floor":16,"key":"Block Potion"},{"floor":18,"key":"EssenceOfSteel"},{"floor":19,"key":"Regen Potion"},{"floor":28,"key":"SteroidPotion"},{"floor":30,"key":"LiquidMemories"},{"floor":35,"key":"SkillPotion"},{"floor":36,"key":"Energy Potion"},{"floor":48,"key":"ColorlessPotion"}],"is_trial":false,"path_per_floor":["M","?","?","$","M","R","M","M","T","R","M","R","E","$","R","B",null,"M","M","?","?","M","E","M","$","T","E","M","M","M","$","R","B",null,"M","M","M","M","$","R","M","R","T","$","M","E","?","?","R","B",null],"character_chosen":"IRONCLAD","items_purchased":["Spot Weakness","Shrug It Off","Brimstone","Jack Of All Trades"],"campfire_rested":0,"item_purchase_floors":[4,4,25,44],"current_hp_per_floor":[60,53,28,28,34,34,39,42,42,42,46,46,41,41,41,38,80,80,80,80,80,64,51,57,57,57,77,82,84,84,84,84,84,84,84,86,63,52,52,52,60,60,60,75,77,85,85,91,91,89],"gold":134,"neow_bonus":"REMOVE_TWO","is_prod":false,"is_daily":false,"chose_seed":false,"campfire_upgraded":8,"win_rate":0,"timestamp":1691806337,"path_taken":["M","?","?","?","?","R","M","M","T","R","M","R","E","$","R","BOSS","M","M","?","?","M","E","M","$","T","E","M","?","M","$","R","BOSS","M","M","M","M","$","R","M","R","T","$","M","E","?","?","R","BOSS"],"build_version":"2022-12-18","purchased_purges":3,"victory":true,"max_hp_per_floor":[80,80,80,80,80,80,80,80,80,80,80,80,80,80,80,80,80,80,80,80,80,80,80,80,80,80,82,82,84,84,84,84,84,84,84,86,86,88,88,88,90,90,90,90,92,94,89,91,91,91],"card_choices":[{"not_picked":["Dark Embrace","True Grit"],"picked":"Anger","floor":1},{"not_picked":["Clash","Entrench"],"picked":"Warcry","floor":5},{"not_picked":["Entrench","Second Wind"],"picked":"Armaments","floor":7},{"not_picked":["Anger","Clash","Flame Barrier"],"picked":"SKIP","floor":8},{"not_picked":["Cleave","Perfected Strike"],"picked":"Power Through","floor":11},{"not_picked":["Feed","Juggernaut"],"picked":"Warcry","floor":13},{"not_picked":["Flex+1","Disarm"],"picked":"Twin Strike+1","floor":18},{"not_picked":["Pommel Strike","Twin Strike"],"picked":"Burning Pact","floor":19},{"not_picked":["Whirlwind+1","Headbutt","Perfected Strike"],"picked":"SKIP","floor":22},{"not_picked":["Battle Trance","True Grit"],"picked":"Pummel","floor":23},{"not_picked":["Combust","Twin Strike"],"picked":"Shrug It Off","floor":24},{"not_picked":["Body Slam","Iron Wave","Havoc+1"],"picked":"Singing Bowl","floor":27},{"not_picked":["Disarm","True Grit+1"],"picked":"Shrug It Off+1","floor":28},{"not_picked":["Twin Strike","Immolate","Body Slam+1"],"picked":"Singing Bowl","floor":29},{"not_picked":["Infernal Blade","Whirlwind"],"picked":"Shockwave","floor":30},{"not_picked":["Bludgeon","Feed"],"picked":"Offering","floor":33},{"not_picked":["Armaments","Dark Embrace"],"picked":"Twin Strike+1","floor":35},{"not_picked":["Pommel Strike","Iron Wave+1","Bloodletting+1"],"picked":"Singing Bowl","floor":36},{"not_picked":["Wild Strike+1","Sever Soul+1"],"picked":"Ghostly Armor","floor":37},{"not_picked":["Havoc+1","Anger","Shockwave+1"],"picked":"Singing Bowl","floor":38},{"not_picked":["Shrug It Off+1","Seeing Red+1","Pommel Strike+1"],"picked":"Singing Bowl","floor":41},{"not_picked":["Shrug It Off+1","Wild Strike+1","Twin Strike"],"picked":"Singing Bowl","floor":45},{"not_picked":["Wild Strike","Pommel Strike","Double Tap"],"picked":"Singing Bowl","floor":46},{"not_picked":["Sentinel","Perfected Strike","Clothesline"],"picked":"Singing Bowl","floor":48}],"player_experience":193831,"relics_obtained":[{"floor":9,"key":"Gremlin Horn"},{"floor":13,"key":"FossilizedHelix"},{"floor":23,"key":"Red Skull"},{"floor":26,"key":"Singing Bowl"},{"floor":27,"key":"Mercury Hourglass"},{"floor":43,"key":"MealTicket"},{"floor":46,"key":"Darkstone Periapt"},{"floor":48,"key":"Torii"}],"event_choices":[{"cards_removed":["Defend_R"],"damage_healed":0,"gold_gain":0,"player_choice":"Card Removal","damage_taken":7,"max_hp_gain":0,"max_hp_loss":0,"event_name":"Golden Wing","floor":2,"gold_loss":0},{"damage_healed":0,"gold_gain":0,"player_choice":"Success","damage_taken":25,"relics_obtained":["Pen Nib"],"max_hp_gain":0,"max_hp_loss":0,"event_name":"Scrap Ooze","floor":3,"gold_loss":0},{"damage_healed":0,"gold_gain":0,"player_choice":"Ignored","damage_taken":0,"max_hp_gain":0,"max_hp_loss":0,"event_name":"Vampires","floor":20,"gold_loss":0},{"damage_healed":0,"gold_gain":0,"player_choice":"Bought 0 Potions","damage_taken":0,"max_hp_gain":0,"max_hp_loss":0,"event_name":"The Woman in Blue","floor":21,"gold_loss":0},{"damage_healed":0,"gold_gain":0,"player_choice":"Max HP","damage_taken":0,"max_hp_gain":0,"max_hp_loss":5,"event_name":"Winding Halls","floor":47,"gold_loss":0},{"damage_healed":0,"gold_gain":0,"player_choice":"Fight","damage_taken":0,"max_hp_gain":0,"max_hp_loss":0,"event_name":"MindBloom","floor":48,"gold_loss":0}],"is_beta":false,"boss_relics":[{"not_picked":["Runic Dome","Runic Pyramid"],"picked":"Philosopher\u0027s Stone"},{"not_picked":["Coffee Dripper","Pandora\u0027s Box"],"picked":"Empty Cage"}],"items_purged_floors":[14,31,39],"is_endless":false,"potions_floor_spawned":[5,7,13,16,18,19,28,30,35,36,46,48],"ascension_level":0}