{"gold_per_floor":[119,139,149,99,119,154,170,170,215,215,215,215,248,231,231,335,335,347,272,287,302,321,321,346,12,12,12,43,61,61,72,72,172,172,187,187,187],"floor_reached":38,"playtime":2874,"items_purged":[],"score":606,"play_id":"d0053d51-27ea-4801-8538-fe0392b77f9a","local_time":"20230808193631","is_ascension_mode":false,"campfire_choices":[{"data":"Armaments","floor":8,"key":"SMITH"},{"data":"Metallicize","floor":10,"key":"SMITH"},{"data":"Iron Wave","floor":12,"key":"SMITH"},{"data":"Inflame","floor":15,"key":"SMITH"},{"data":"Demon Form","floor":23,"key":"SMITH"},{"data":"Armaments","floor":27,"key":"SMITH"},{"data":"Metallicize","floor":32,"key":"SMITH"}],"neow_cost":"NONE","seed_source_timestamp":2006047749640000,"circlet_count":0,"master_deck":["Strike_R","Strike_R","Strike_R","Defend_R","Defend_R","Defend_R","Defend_R","Bash+1","Armaments+1","Metallicize+1","Iron Wave+1","Sword Boomerang","Anger","Inflame+1","Demon Form+1","Hemokinesis+1","Disarm","Seeing Red","Armaments+1","Metallicize+1","Shrug It Off","Limit Break","Power Through"],"relics":["Black Blood","Lantern","Blood Vial","TungstenRod","Shuriken","Red Mask","Ice Cream","Question Card","Centennial Puzzle","Enchiridion","Philosopher\u0027s Stone"],"potions_floor_usage":[14,16,24,28,37,37,37],"damage_taken":[{"damage":0,"enemies":"2 Louse","floor":1,"turns":2},{"damage":4,"enemies":"Jaw Worm","floor":2,"turns":4},{"damage":0,"enemies":"Small Slimes","floor":3,"turns":3},{"damage":2,"enemies":"Blue Slaver","floor":5,"turns":5},{"damage":27,"enemies":"Gremlin Nob","floor":6,"turns":6},{"damage":5,"enemies":"Looter","floor":7,"turns":4},{"damage":11,"enemies":"Lagavulin","floor":13,"turns":9},{"damage":1,"enemies":"Exordium Thugs","floor":14,"turns":4},{"damage":23,"enemies":"Slime Boss","floor":16,"turns":6},{"damage":8,"enemies":"Shell Parasite","floor":18,"turns":5},{"damage":11,"enemies":"Spheric Guardian","floor":20,"turns":4},{"damage":17,"enemies":"Snake Plant","floor":21,"turns":5},{"damage":1,"enemies":"Centurion and Healer","floor":22,"turns":6},{"damage":47,"enemies":"Masked Bandits","floor":24,"turns":6},{"damage":1,"enemies":"Gremlin Leader","floor":28,"turns":5},{"damage":14,"enemies":"Sentry and Sphere","floor":29,"turns":6},{"damage":9,"enemies":"Snecko","floor":31,"turns":6},{"damage":29,"enemies":"Champ","floor":33,"turns":7},{"damage":12,"enemies":"3 Darklings","floor":35,"turns":4},{"damage":40,"enemies":"Awakened One","floor":37,"turns":9}],"seed_played":"1540787666452952893","potions_obtained":[{"floor":1,"key":"SpeedPotion"},{"floor":3,"key":"HeartOfIron"},{"floor":5,"key":"EssenceOfSteel"},{"floor":16,"key":"Energy Potion"},{"floor":22,"key":"LiquidMemories"},{"floor":24,"key":"DistilledChaos"},{"floor":28,"key":"Dexterity Potion"},{"floor":29,"key":"Dexterity Potion"}],"is_trial":false,"path_per_floor":["M","M","M","?","M","E","M","R","T","R","T","R","E","M","R","B",null,"M","?","M","M","M","R","?","$","T","R","E","M","?","M","R","B",null,"M","?","B",null],"character_chosen":"IRONCLAD","items_purchased":["Ice Cream","Armaments"],"campfire_rested":0,"item_purchase_floors":[25,25],"current_hp_per_floor":[80,80,80,80,80,59,60,60,60,60,60,60,57,64,64,49,80,80,80,80,75,80,80,45,45,45,45,58,58,46,51,51,36,80,80,80,52],"gold":187,"neow_bonus":"UPGRADE_CARD","is_prod":false,"is_daily":false,"chose_seed":false,"campfire_upgraded":7,"win_rate":0,"timestamp":1691548591,"path_taken":["M","M","M","?","M","E","M","R","T","R","?","R","E","M","R","BOSS","M","?","M","M","M","R","?","$","T","R","E","M","?","M","R","BOSS","M","?","BOSS"],"build_version":"2022-12-18","purchased_purges":0,"victory":true,"max_hp_per_floor":[80,80,80,80,80,80,80,80,80,80,80,80,80,80,80,80,80,80,80,80,80,80,80,80,80,80,80,80,80,80,80,80,80,80,80,80,80],"card_choices":[{"not_picked":["Shrug It Off","Thunderclap"],"picked":"Armaments","floor":1},{"not_picked":["Anger","Pummel"],"picked":"Metallicize","floor":2},{"not_picked":["Perfected Strike","Thunderclap"],"picked":"Iron Wave","floor":3},{"not_picked":["Whirlwind","Wild Strike","Pommel Strike"],"picked":"SKIP","floor":5},{"not_picked":["Berserk","Thunderclap"],"picked":"Sword Boomerang","floor":6},{"not_picked":["Sentinel","Clash","Headbutt"],"picked":"SKIP","floor":7},{"not_picked":["Brutality","Fire Breathing"],"picked":"Anger","floor":13},{"not_picked":["Clash","Perfected Strike"],"picked":"Inflame","floor":14},{"not_picked":["Offering","Double Tap"],"picked":"Demon Form","floor":16},{"not_picked":["Pommel Strike+1","True Grit+1"],"picked":"Hemokinesis+1","floor":18},{"not_picked":["Fire Breathing","Havoc+1"],"picked":"Disarm","floor":20},{"not_picked":["Wild Strike","Clothesline","Carnage+1"],"picked":"SKIP","floor":21},{"not_picked":["Perfected Strike","Reckless Charge"],"picked":"Seeing Red","floor":22},{"not_picked":["Shrug It Off","Immolate","Clash"],"picked":"Metallicize","floor":28},{"not_picked":["True Grit","Pommel Strike","Flex","Whirlwind+1"],"picked":"SKIP","floor":29},{"not_picked":["Spot Weakness","Pommel Strike","Hemokinesis"],"picked":"Shrug It Off","floor":31},{"not_picked":["Corruption","Double Tap","Reaper"],"picked":"Limit Break","floor":33},{"not_picked":["Sword Boomerang","Clash+1","Blood for Blood+1"],"picked":"Power Through","floor":35}],"player_experience":164653,"relics_obtained":[{"floor":6,"key":"Lantern"},{"floor":9,"key":"Blood Vial"},{"floor":11,"key":"TungstenRod"},{"floor":13,"key":"Shuriken"},{"floor":24,"key":"Red Mask"},{"floor":26,"key":"Question Card"},{"floor":28,"key":"Centennial Puzzle"},{"floor":30,"key":"Enchiridion"}],"event_choices":[{"cards_removed":["Strike_R"],"damage_healed":0,"gold_gain":0,"player_choice":"Card Removal","damage_taken":0,"max_hp_gain":0,"max_hp_loss":0,"event_name":"The Cleric","floor":4,"gold_loss":50},{"cards_removed":["Strike_R"],"damage_healed":0,"gold_gain":0,"player_choice":"Gave Gold","damage_taken":0,"max_hp_gain":0,"max_hp_loss":0,"event_name":"Beggar","floor":19,"gold_loss":75},{"damage_healed":0,"gold_gain":0,"player_choice":"Fought Bandits","damage_taken":0,"max_hp_gain":0,"max_hp_loss":0,"event_name":"Masked Bandits","floor":24,"gold_loss":0},{"damage_healed":0,"gold_gain":0,"player_choice":"Obtained Book","damage_taken":16,"max_hp_gain":0,"max_hp_loss":0,"event_name":"Cursed Tome","floor":30,"gold_loss":0},{"damage_healed":0,"gold_gain":0,"player_choice":"Took Portal","damage_taken":0,"max_hp_gain":0,"max_hp_loss":0,"event_name":"SecretPortal","floor":36,"gold_loss":0}],"is_beta":false,"boss_relics":[{"not_picked":["Coffee Dripper","Sozu"],"picked":"Black Blood"},{"not_picked":["SacredBark","Runic Dome"],"picked":"Philosopher\u0027s Stone"}],"items_purged_floors":[],"is_endless":false,"potions_floor_spawned":[1,3,5,16,22,24,28,29,33,35],"ascension_level":0}