{"gold_per_floor":[112,112,124,124,124,124,138,138,193,193,215,215,244,74,74,177,177,193,103,117,216,32,59,73,107,188,188,188,204,204,222,222,323,323,334,352,372,28,38,38,51,66,89,14,33,60,71,91,91,91],"floor_reached":51,"playtime":3681,"items_purged":["Defend_R"],"score":694,"play_id":"68d3654a-c5aa-432f-8be6-6129b32ccfd0","local_time":"20230812143031","is_ascension_mode":false,"campfire_choices":[{"data":"Demon Form","floor":10,"key":"SMITH"},{"data":"Iron Wave","floor":12,"key":"SMITH"},{"data":"Defend_R","floor":15,"key":"SMITH"},{"data":"Blind","floor":28,"key":"SMITH"},{"data":"Bash","floor":32,"key":"SMITH"},{"data":"Shrug It Off","floor":40,"key":"SMITH"},{"floor":49,"key":"REST"}],"neow_cost":"NONE","seed_source_timestamp":303310027851500,"circlet_count":0,"master_deck":["Strike_R+1","Strike_R+1","Strike_R+1","Defend_R+1","Defend_R+1","Defend_R+1","Bash+1","Anger+1","Iron Wave+1","Demon Form+1","Blind+1","Impervious+1","Anger+1","Sword Boomerang+1","Pummel+1","Disarm+1","CurseOfTheBell","True Grit+1","Shrug It Off+1","Parasite","Shockwave+1","Rage","Parasite"],"relics":["Burning Blood","Mummified Hand","HornCleat","Ancient Tea Set","Odd Mushroom","Centennial Puzzle","Philosopher\u0027s Stone","PreservedInsect","Lantern","Bottled Tornado","Singing Bowl","Ginger","Calling Bell","Bag of Marbles","White Beast Statue","Dead Branch","War Paint","Toolbox","Whetstone","Kunai"],"potions_floor_usage":[25],"damage_taken":[{"damage":6,"enemies":"Cultist","floor":1,"turns":4},{"damage":5,"enemies":"Small Slimes","floor":3,"turns":4},{"damage":1,"enemies":"2 Louse","floor":7,"turns":3},{"damage":3,"enemies":"The Mushroom Lair","floor":11,"turns":5},{"damage":11,"enemies":"Gremlin Nob","floor":13,"turns":4},{"damage":15,"enemies":"The Guardian","floor":16,"turns":7},{"damage":0,"enemies":"Spheric Guardian","floor":18,"turns":3},{"damage":7,"enemies":"2 Thieves","floor":20,"turns":4},{"damage":23,"enemies":"Gremlin Leader","floor":23,"turns":7},{"damage":3,"enemies":"Snecko","floor":24,"turns":5},{"damage":10,"enemies":"Slavers","floor":25,"turns":4},{"damage":18,"enemies":"Sentry and Sphere","floor":29,"turns":5},{"damage":7,"enemies":"Shelled Parasite and Fungi","floor":31,"turns":4},{"damage":4,"enemies":"Champ","floor":33,"turns":7},{"damage":2,"enemies":"3 Shapes","floor":35,"turns":3},{"damage":13,"enemies":"3 Darklings","floor":36,"turns":4},{"damage":6,"enemies":"Jaw Worm Horde","floor":37,"turns":4},{"damage":22,"enemies":"Writhing Mass","floor":39,"turns":4},{"damage":5,"enemies":"Spire Growth","floor":41,"turns":4},{"damage":15,"enemies":"Sphere and 2 Shapes","floor":42,"turns":5},{"damage":10,"enemies":"Writhing Mass","floor":45,"turns":4},{"damage":19,"enemies":"Reptomancer","floor":46,"turns":5},{"damage":3,"enemies":"4 Shapes","floor":47,"turns":5},{"damage":19,"enemies":"Maw","floor":48,"turns":6},{"damage":34,"enemies":"Awakened One","floor":50,"turns":10}],"seed_played":"-7615387404280767151","potions_obtained":[{"floor":7,"key":"LiquidMemories"},{"floor":16,"key":"FearPotion"},{"floor":18,"key":"Fire Potion"},{"floor":20,"key":"SkillPotion"},{"floor":24,"key":"FairyPotion"},{"floor":29,"key":"SkillPotion"},{"floor":36,"key":"Weak Potion"},{"floor":46,"key":"BloodPotion"}],"is_trial":false,"path_per_floor":["M","?","M","?","?","T","M","?","T","R","?","R","E","$","R","B",null,"M","?","M","?","$","E","M","E","T","T","R","M","?","M","R","B",null,"M","M","M","$","M","R","M","M","T","$","M","E","M","M","R","B",null],"character_chosen":"IRONCLAD","items_purchased":["Blind","Pummel","PreservedInsect","War Paint","Toolbox","Shrug It Off","Rage"],"campfire_rested":1,"item_purchase_floors":[14,22,22,38,38,38,44],"current_hp_per_floor":[80,80,80,73,61,61,66,50,50,50,53,53,48,48,48,39,80,80,80,79,79,79,62,65,61,61,61,61,51,51,52,52,56,86,88,83,83,83,67,67,70,63,63,63,61,50,55,44,74,46],"gold":91,"neow_bonus":"REMOVE_CARD","is_prod":false,"is_daily":false,"chose_seed":false,"campfire_upgraded":6,"win_rate":0,"timestamp":1691875831,"path_taken":["M","?","M","?","?","?","?","?","T","R","?","R","E","$","R","BOSS","M","?","?","?","$","E","M","E","T","?","R","?","?","M","R","BOSS","M","M","M","$","M","R","M","M","T","$","M","E","M","M","R","BOSS"],"build_version":"2022-12-18","purchased_purges":1,"victory":true,"max_hp_per_floor":[80,80,80,80,80,80,80,80,80,80,80,80,80,80,80,80,80,80,80,80,80,80,80,80,80,80,80,80,82,82,84,84,86,86,88,90,90,90,90,90,92,94,94,94,96,98,100,102,102,102],"card_choices":[{"not_picked":["Heavy Blade","Second Wind"],"picked":"Anger","floor":1},{"not_picked":["Cleave","Thunderclap"],"picked":"Iron Wave","floor":3},{"not_picked":["Headbutt","True Grit"],"picked":"Demon Form","floor":7},{"not_picked":["Havoc","Entrench"],"picked":"Rupture","floor":11},{"not_picked":["Pommel Strike","Rampage","Perfected Strike"],"picked":"SKIP","floor":13},{"not_picked":["Barricade","Fiend Fire"],"picked":"Impervious","floor":16},{"not_picked":["Headbutt","Havoc"],"picked":"Anger+1","floor":18},{"not_picked":["Infernal Blade","Brutality"],"picked":"Sword Boomerang","floor":20},{"not_picked":["Brutality","Sword Boomerang","Dual Wield"],"picked":"SKIP","floor":23},{"not_picked":["Sever Soul","Intimidate"],"picked":"Disarm+1","floor":24},{"not_picked":["Infernal Blade","Anger","Feel No Pain"],"picked":"SKIP","floor":25},{"not_picked":["Blood for Blood","Clothesline","Armaments"],"picked":"Singing Bowl","floor":29},{"not_picked":["Sword Boomerang","Flex","Seeing Red"],"picked":"Singing Bowl","floor":31},{"not_picked":["Berserk","Double Tap","Juggernaut"],"picked":"Singing Bowl","floor":33},{"not_picked":["Heavy Blade","Sever Soul","Anger"],"picked":"Singing Bowl","floor":35},{"not_picked":["Body Slam+1","Second Wind+1","Clash+1"],"picked":"Singing Bowl","floor":36},{"not_picked":["Pommel Strike","Wild Strike"],"picked":"True Grit+1","floor":37},{"not_picked":["Fiend Fire","Clothesline"],"picked":"Shockwave+1","floor":39},{"not_picked":["Disarm","Sword Boomerang","Flex+1"],"picked":"Singing Bowl","floor":41},{"not_picked":["Exhume","Clash+1","Clothesline+1"],"picked":"Singing Bowl","floor":42},{"not_picked":["Shockwave+1","Anger+1","Armaments+1"],"picked":"Singing Bowl","floor":45},{"not_picked":["Intimidate+1","Clothesline","Thunderclap+1"],"picked":"Singing Bowl","floor":46},{"not_picked":["Havoc","Flame Barrier+1","Iron Wave"],"picked":"Singing Bowl","floor":47},{"not_picked":["Perfected Strike","Combust","Clash"],"picked":"Singing Bowl","floor":48}],"player_experience":201499,"relics_obtained":[{"floor":6,"key":"HornCleat"},{"floor":9,"key":"Ancient Tea Set"},{"floor":11,"key":"Odd Mushroom"},{"floor":13,"key":"Centennial Puzzle"},{"floor":23,"key":"Lantern"},{"floor":25,"key":"Bottled Tornado"},{"floor":26,"key":"Singing Bowl"},{"floor":27,"key":"Ginger"},{"floor":34,"key":"Bag of Marbles"},{"floor":34,"key":"White Beast Statue"},{"floor":34,"key":"Dead Branch"},{"floor":43,"key":"Whetstone"},{"floor":46,"key":"Kunai"}],"event_choices":[{"damage_healed":0,"gold_gain":0,"player_choice":"Ignored","damage_taken":0,"max_hp_gain":0,"max_hp_loss":0,"event_name":"Liars Game","floor":2,"gold_loss":0},{"cards_removed":["Strike_R"],"damage_healed":0,"gold_gain":0,"player_choice":"Card Removal","damage_taken":7,"max_hp_gain":0,"max_hp_loss":0,"event_name":"Golden Wing","floor":4,"gold_loss":0},{"damage_healed":0,"gold_gain":0,"player_choice":"Success","damage_taken":12,"relics_obtained":["Mummified Hand"],"max_hp_gain":0,"max_hp_loss":0,"event_name":"Scrap Ooze","floor":5,"gold_loss":0},{"damage_healed":0,"gold_gain":0,"player_choice":"Entered Light","damage_taken":16,"max_hp_gain":0,"max_hp_loss":0,"event_name":"Shining Light","floor":8,"gold_loss":0,"cards_upgraded":["Anger","Defend_R"]},{"damage_healed":0,"gold_gain":0,"player_choice":"Fought Mushrooms","damage_taken":0,"max_hp_gain":0,"max_hp_loss":0,"event_name":"Mushrooms","floor":11,"gold_loss":0},{"cards_removed":["Rupture"],"damage_healed":0,"gold_gain":0,"player_choice":"Upgrade and Remove","damage_taken":0,"max_hp_gain":0,"max_hp_loss":0,"event_name":"Designer","floor":19,"gold_loss":90,"cards_upgraded":["Impervious"]},{"damage_healed":0,"gold_gain":99,"player_choice":"Stole From Cult","damage_taken":0,"max_hp_gain":0,"max_hp_loss":0,"event_name":"Nest","floor":21,"gold_loss":0},{"damage_healed":0,"gold_gain":0,"player_choice":"Simplicity","damage_taken":0,"max_hp_gain":0,"max_hp_loss":0,"event_name":"Back to Basics","floor":30,"gold_loss":0,"cards_upgraded":["Strike_R","Strike_R","Strike_R","Defend_R"]}],"is_beta":false,"boss_relics":[{"not_picked":["Sozu","Runic Cube"],"picked":"Philosopher\u0027s Stone"},{"not_picked":["Velvet Choker","Busted Crown"],"picked":"Calling Bell"}],"items_purged_floors":[14],"is_endless":false,"potions_floor_spawned":[7,16,18,20,24,29,35,36,37,39,41,42,45,46,47,48],"ascension_level":0}