{"gold_per_floor":[111,111,38,48,59,92,105,105,128,163,88,88,88,104,104,204,204,217,231,58,58,58,58,85,85,85,185,216,236,252,252],"floor_reached":31,"playtime":1928,"items_purged":["Strike_R","Defend_R"],"score":325,"play_id":"3f7d9f2d-948e-4438-a10f-5428ff9f5e3b","local_time":"20230815173303","is_ascension_mode":true,"campfire_choices":[{"data":"Shrug It Off","floor":8,"key":"SMITH"},{"data":"Spot Weakness","floor":12,"key":"SMITH"},{"data":"Shrug It Off","floor":15,"key":"SMITH"},{"data":"Double Tap","floor":23,"key":"SMITH"},{"data":"Sword Boomerang","floor":25,"key":"SMITH"}],"neow_cost":"NONE","seed_source_timestamp":575288216590800,"circlet_count":0,"master_deck":["Strike_R","Strike_R","Defend_R","Defend_R","Bash","Blind","Shrug It Off+1","Clothesline","Warcry","Shrug It Off+1","Bloodletting","Spot Weakness+1","Sword Boomerang+1","Double Tap+1","Shrug It Off","Rupture+1","Metallicize+1","Armaments+1","Rage+1"],"relics":["Burning Blood","Bronze Scales","Akabeko","Anchor","Strawberry","Empty Cage","Bird Faced Urn","Bottled Flame","Nunchaku"],"potions_floor_usage":[6,10,18,24,31],"damage_taken":[{"damage":7,"enemies":"Jaw Worm","floor":1,"turns":4},{"damage":0,"enemies":"Cultist","floor":4,"turns":3},{"damage":1,"enemies":"2 Louse","floor":5,"turns":3},{"damage":26,"enemies":"3 Sentries","floor":6,"turns":9},{"damage":0,"enemies":"Looter","floor":7,"turns":3},{"damage":17,"enemies":"Lagavulin","floor":10,"turns":7},{"damage":1,"enemies":"Exordium Thugs","floor":14,"turns":6},{"damage":35,"enemies":"Hexaghost","floor":16,"turns":9},{"damage":16,"enemies":"Spheric Guardian","floor":18,"turns":5},{"damage":16,"enemies":"2 Thieves","floor":19,"turns":5},{"damage":10,"enemies":"Gremlin Leader","floor":24,"turns":8},{"damage":29,"enemies":"Slavers","floor":28,"turns":7},{"damage":11,"enemies":"Chosen and Byrds","floor":29,"turns":5},{"damage":12,"enemies":"Centurion and Healer","floor":30,"turns":6},{"damage":7,"enemies":"Colosseum Slavers","floor":31,"turns":3},{"damage":64,"enemies":"Colosseum Nobs","floor":31,"turns":5}],"seed_played":"-247819506226856816","potions_obtained":[{"floor":4,"key":"PowerPotion"},{"floor":6,"key":"SpeedPotion"},{"floor":7,"key":"FearPotion"},{"floor":16,"key":"ElixirPotion"},{"floor":19,"key":"Fire Potion"},{"floor":24,"key":"LiquidMemories"}],"is_trial":false,"path_per_floor":["M","?","?","M","M","E","M","R","T","E","$","R","?","M","R","B",null,"M","M","$","?","$","R","E","R","T","?","E","M","M","?"],"character_chosen":"IRONCLAD","items_purchased":["Metallicize"],"campfire_rested":0,"item_purchase_floors":[20],"current_hp_per_floor":[79,72,72,78,80,60,66,66,66,62,62,62,67,72,72,43,92,82,72,72,72,72,72,68,68,68,68,49,48,46,0],"gold":252,"neow_bonus":"RANDOM_COLORLESS","is_prod":false,"is_daily":false,"chose_seed":false,"campfire_upgraded":5,"win_rate":0,"timestamp":1692145983,"path_taken":["M","?","?","M","?","E","M","R","T","E","$","R","?","M","R","BOSS","M","M","$","?","?","R","E","R","T","?","E","M","?","?"],"build_version":"2022-12-18","purchased_purges":2,"victory":false,"max_hp_per_floor":[80,80,80,80,80,80,80,80,80,87,87,87,92,92,92,92,92,92,92,92,92,92,92,92,92,92,92,92,92,92,92],"card_choices":[{"not_picked":["Panacea","Dramatic Entrance"],"picked":"Blind","floor":0},{"not_picked":["Reckless Charge","Pommel Strike"],"picked":"Shrug It Off","floor":1},{"not_picked":["Power Through","Headbutt"],"picked":"Clothesline","floor":4},{"not_picked":["Second Wind","Carnage"],"picked":"Warcry","floor":5},{"not_picked":["Warcry","Pommel Strike"],"picked":"Shrug It Off","floor":6},{"not_picked":["Burning Pact","Exhume"],"picked":"Bloodletting","floor":7},{"not_picked":["Burning Pact","Iron Wave"],"picked":"Spot Weakness","floor":10},{"not_picked":["Hemokinesis","Reckless Charge"],"picked":"Sword Boomerang","floor":14},{"not_picked":["Immolate","Exhume"],"picked":"Double Tap","floor":16},{"not_picked":["Reckless Charge","Flame Barrier"],"picked":"Shrug It Off","floor":18},{"not_picked":["Seeing Red","Pommel Strike+1"],"picked":"Rupture+1","floor":19},{"not_picked":["Juggernaut","Perfected Strike"],"picked":"Armaments+1","floor":24},{"not_picked":["Clothesline","Body Slam+1","True Grit"],"picked":"SKIP","floor":28},{"not_picked":["Barricade","Clothesline","Perfected Strike"],"picked":"SKIP","floor":29},{"not_picked":["Twin Strike","Cleave+1"],"picked":"Rage+1","floor":30}],"player_experience":262676,"relics_obtained":[{"floor":6,"key":"Akabeko"},{"floor":9,"key":"Anchor"},{"floor":10,"key":"Strawberry"},{"floor":24,"key":"Bird Faced Urn"},{"floor":26,"key":"Bottled Flame"},{"floor":28,"key":"Nunchaku"}],"event_choices":[{"cards_removed":["Strike_R"],"damage_healed":0,"gold_gain":0,"player_choice":"Card Removal","damage_taken":7,"max_hp_gain":0,"max_hp_loss":0,"event_name":"Golden Wing","floor":2,"gold_loss":0},{"damage_healed":0,"gold_gain":0,"player_choice":"Paid Gold","damage_taken":0,"relics_obtained":["Bronze Scales"],"max_hp_gain":0,"max_hp_loss":0,"event_name":"WeMeetAgain","floor":3,"gold_loss":73},{"damage_healed":0,"gold_gain":0,"player_choice":"Donut","damage_taken":0,"max_hp_gain":5,"max_hp_loss":0,"event_name":"Big Fish","floor":13,"gold_loss":0},{"damage_healed":0,"gold_gain":0,"player_choice":"Upgraded","damage_taken":0,"max_hp_gain":0,"max_hp_loss":0,"event_name":"Upgrade Shrine","floor":21,"gold_loss":0,"cards_upgraded":["Metallicize"]},{"damage_healed":0,"gold_gain":100,"player_choice":"Pray","damage_taken":0,"max_hp_gain":0,"max_hp_loss":0,"event_name":"Golden Shrine","floor":27,"gold_loss":0},{"damage_healed":0,"gold_gain":0,"player_choice":"Fight","damage_taken":0,"max_hp_gain":0,"max_hp_loss":0,"event_name":"Colosseum","floor":31,"gold_loss":0},{"damage_healed":0,"gold_gain":0,"player_choice":"Fought Nobs","damage_taken":0,"max_hp_gain":0,"max_hp_loss":0,"event_name":"Colosseum","floor":31,"gold_loss":0}],"is_beta":false,"boss_relics":[{"not_picked":["SlaversCollar","Black Star"],"picked":"Empty Cage"}],"items_purged_floors":[11,20],"is_endless":false,"potions_floor_spawned":[4,6,7,16,19,24],"killed_by":"Colosseum Nobs","ascension_level":3}