{"gold_per_floor":[118,118,131,306,321,321,321,332,332,363,363,377,70,95,95,95],"floor_reached":16,"playtime":491,"items_purged":["Strike_R"],"score":149,"play_id":"6e4b297c-6a0f-4c14-9b91-7d17c4bb627e","local_time":"20230820192316","is_ascension_mode":true,"campfire_choices":[{"data":"Bash","floor":6,"key":"SMITH"},{"data":"Defend_R","floor":11,"key":"SMITH"},{"data":"Shrug It Off","floor":15,"key":"SMITH"}],"neow_cost":"NONE","seed_source_timestamp":1015346531794800,"circlet_count":0,"master_deck":["Strike_R","Strike_R","Strike_R","Strike_R","Defend_R","Defend_R","Defend_R","Defend_R+1","Bash+1","Rampage+1","Doubt","Bloodletting","Shrug It Off+1","Inflame"],"relics":["Burning Blood","NeowsBlessing","Meat on the Bone","Nunchaku","Matryoshka","Ancient Tea Set","PreservedInsect"],"potions_floor_usage":[10,16,16],"damage_taken":[{"damage":0,"enemies":"2 Louse","floor":1,"turns":2},{"damage":0,"enemies":"Cultist","floor":3,"turns":1},{"damage":0,"enemies":"Small Slimes","floor":5,"turns":1},{"damage":12,"enemies":"Looter","floor":8,"turns":3},{"damage":35,"enemies":"Lagavulin","floor":10,"turns":7},{"damage":9,"enemies":"Large Slime","floor":12,"turns":6},{"damage":25,"enemies":"Gremlin Nob","floor":14,"turns":5},{"damage":79,"enemies":"Slime Boss","floor":16,"turns":12}],"seed_played":"-289750376746065820","potions_obtained":[{"floor":3,"key":"Energy Potion"},{"floor":10,"key":"Regen Potion"},{"floor":12,"key":"BloodPotion"}],"is_trial":false,"path_per_floor":["M","?","M","?","M","R","?","M","T","E","R","M","$","E","R","B"],"character_chosen":"IRONCLAD","items_purchased":["Shrug It Off","Inflame","Ancient Tea Set"],"campfire_rested":0,"item_purchase_floors":[13,13,13],"current_hp_per_floor":[78,78,80,80,80,80,68,62,62,45,45,54,54,47,47,0],"gold":95,"neow_bonus":"THREE_ENEMY_KILL","is_prod":false,"is_daily":false,"chose_seed":false,"campfire_upgraded":3,"win_rate":0,"timestamp":1692584596,"path_taken":["M","?","?","?","M","R","?","M","T","E","R","M","$","E","R","BOSS"],"build_version":"2022-12-18","purchased_purges":1,"victory":false,"max_hp_per_floor":[80,80,80,80,80,80,80,80,80,80,80,80,80,80,80,80],"card_choices":[{"not_picked":["Clash","Twin Strike"],"picked":"Rampage","floor":1},{"not_picked":["Whirlwind","Entrench","Combust"],"picked":"SKIP","floor":3},{"not_picked":["True Grit","Thunderclap","Bloodletting"],"picked":"SKIP","floor":5},{"not_picked":["True Grit","Thunderclap"],"picked":"Bloodletting","floor":5},{"not_picked":["Flex","Iron Wave","Wild Strike"],"picked":"SKIP","floor":8},{"not_picked":["Pummel","Wild Strike","Thunderclap"],"picked":"SKIP","floor":10},{"not_picked":["Searing Blow","Entrench","Heavy Blade"],"picked":"SKIP","floor":12},{"not_picked":["Flex","True Grit","Exhume"],"picked":"SKIP","floor":14}],"player_experience":331724,"relics_obtained":[{"floor":9,"key":"Nunchaku"},{"floor":10,"key":"Matryoshka"},{"floor":14,"key":"PreservedInsect"}],"event_choices":[{"damage_healed":0,"gold_gain":0,"player_choice":"Forge","damage_taken":0,"max_hp_gain":0,"max_hp_loss":0,"event_name":"Accursed Blacksmith","floor":2,"gold_loss":0,"cards_upgraded":["Rampage"]},{"damage_healed":0,"gold_gain":175,"player_choice":"AGREE","damage_taken":0,"max_hp_gain":0,"max_hp_loss":0,"event_name":"Liars Game","floor":4,"gold_loss":0,"cards_obtained":["Doubt"]},{"damage_healed":0,"gold_gain":0,"player_choice":"Success","damage_taken":12,"relics_obtained":["Meat on the Bone"],"max_hp_gain":0,"max_hp_loss":0,"event_name":"Scrap Ooze","floor":7,"gold_loss":0}],"is_beta":false,"boss_relics":[],"items_purged_floors":[13],"is_endless":false,"potions_floor_spawned":[3,10,12],"killed_by":"Slime Boss","ascension_level":7}