{"gold_per_floor":[215,229,239,164,164,164,179,179,179,191,208,208,227,242,242,341,341,357,457,472,483,498,498,516,516,543,543,555,583,583,83,83,180,180,194,154,29,43,58,58,83,83,83,109,123,123,141,164,164,164],"floor_reached":51,"playtime":3248,"items_purged":["Strike_R","Strike_R","Defend_R"],"score":950,"play_id":"b5d1b044-4547-4eb5-b41e-1090457b6ef4","local_time":"20230819161848","is_ascension_mode":true,"campfire_choices":[{"data":"Shrug It Off","floor":6,"key":"SMITH"},{"data":"Ghostly Armor","floor":8,"key":"SMITH"},{"data":"Bash","floor":12,"key":"SMITH"},{"data":"Sword Boomerang","floor":15,"key":"SMITH"},{"data":"Feed","floor":23,"key":"SMITH"},{"data":"Shrug It Off","floor":25,"key":"SMITH"},{"data":"Ghostly Armor","floor":27,"key":"SMITH"},{"data":"Clothesline","floor":30,"key":"SMITH"},{"data":"Intimidate","floor":32,"key":"SMITH"},{"data":"Seeing Red","floor":40,"key":"SMITH"},{"data":"Bloodletting","floor":42,"key":"SMITH"},{"floor":46,"key":"REST"},{"floor":49,"key":"REST"}],"neow_cost":"NONE","seed_source_timestamp":915105672911000,"circlet_count":0,"master_deck":["Defend_R","Defend_R","Defend_R","Bash+1","Clothesline+1","Shrug It Off+1","Ghostly Armor+1","Seeing Red+1","Ghostly Armor+1","Intimidate+1","Sword Boomerang+1","Feed+1","Shrug It Off+1","Warcry+1","Twin Strike+1","Bloodletting+1","Shrug It Off+1","Metallicize+1","Cleave+1","Metallicize+1"],"relics":["Burning Blood","Pocketwatch","Empty Cage","Bronze Scales","Unceasing Top","Brimstone","Molten Egg 2","Velvet Choker","Bottled Tornado","Letter Opener","Frozen Egg 2","Oddly Smooth Stone"],"potions_floor_usage":[21,47,50,50,50],"damage_taken":[{"damage":14,"enemies":"Jaw Worm","floor":1,"turns":5},{"damage":0,"enemies":"Cultist","floor":2,"turns":3},{"damage":0,"enemies":"Small Slimes","floor":3,"turns":3},{"damage":8,"enemies":"Blue Slaver","floor":7,"turns":4},{"damage":5,"enemies":"Exordium Wildlife","floor":10,"turns":5},{"damage":10,"enemies":"Gremlin Gang","floor":11,"turns":6},{"damage":3,"enemies":"Blue Slaver","floor":13,"turns":4},{"damage":0,"enemies":"Large Slime","floor":14,"turns":8},{"damage":26,"enemies":"The Guardian","floor":16,"turns":13},{"damage":28,"enemies":"Spheric Guardian","floor":18,"turns":16},{"damage":23,"enemies":"3 Byrds","floor":20,"turns":13},{"damage":7,"enemies":"Sentry and Sphere","floor":21,"turns":18},{"damage":11,"enemies":"Snecko","floor":22,"turns":7},{"damage":8,"enemies":"Centurion and Healer","floor":24,"turns":15},{"damage":0,"enemies":"Chosen and Byrds","floor":28,"turns":6},{"damage":16,"enemies":"Slavers","floor":29,"turns":8},{"damage":39,"enemies":"Automaton","floor":33,"turns":8},{"damage":4,"enemies":"3 Shapes","floor":35,"turns":6},{"damage":22,"enemies":"3 Darklings","floor":38,"turns":5},{"damage":3,"enemies":"Transient","floor":39,"turns":5},{"damage":10,"enemies":"Reptomancer","floor":41,"turns":7},{"damage":40,"enemies":"Nemesis","floor":44,"turns":7},{"damage":26,"enemies":"Maw","floor":45,"turns":6},{"damage":12,"enemies":"Sphere and 2 Shapes","floor":47,"turns":5},{"damage":37,"enemies":"Time Eater","floor":50,"turns":8}],"seed_played":"-6571559841440614360","potions_obtained":[{"floor":1,"key":"EssenceOfSteel"},{"floor":11,"key":"EssenceOfSteel"},{"floor":22,"key":"GamblersBrew"},{"floor":24,"key":"FearPotion"},{"floor":38,"key":"SpeedPotion"},{"floor":39,"key":"LiquidMemories"},{"floor":41,"key":"EssenceOfSteel"},{"floor":47,"key":"GamblersBrew"}],"is_trial":false,"path_per_floor":["M","M","M","$","?","R","M","R","T","M","M","R","M","M","R","B",null,"M","?","M","M","M","R","M","R","T","R","M","E","R","$","R","B",null,"M","?","$","M","M","R","E","R","T","E","M","R","M","T","R","B",null],"character_chosen":"IRONCLAD","items_purchased":["Brimstone","Molten Egg 2"],"campfire_rested":2,"item_purchase_floors":[31,31],"current_hp_per_floor":[64,70,76,76,76,76,74,74,74,75,71,71,74,80,80,60,75,56,56,42,44,39,39,41,41,41,41,51,45,45,45,45,12,79,85,85,85,73,76,76,72,72,72,38,18,50,48,48,81,50],"gold":164,"neow_bonus":"HUNDRED_GOLD","is_prod":false,"is_daily":false,"chose_seed":false,"campfire_upgraded":11,"win_rate":0,"timestamp":1692487128,"path_taken":["M","M","M","$","?","R","M","R","T","?","M","R","M","M","R","BOSS","M","?","M","?","M","R","M","R","T","R","M","E","R","$","R","BOSS","M","?","$","M","M","R","E","R","T","E","M","R","?","?","R","BOSS"],"build_version":"2022-12-18","purchased_purges":3,"victory":true,"max_hp_per_floor":[80,80,80,80,80,80,80,80,80,80,80,80,80,80,80,80,80,83,83,86,89,89,89,93,93,93,93,97,101,101,101,101,101,101,105,105,105,109,109,109,109,109,109,109,109,109,113,113,113,113],"card_choices":[{"not_picked":["Blood for Blood","Havoc"],"picked":"Clothesline","floor":1},{"not_picked":["Iron Wave","Thunderclap"],"picked":"Shrug It Off","floor":2},{"not_picked":["Cleave","Second Wind"],"picked":"Ghostly Armor","floor":3},{"not_picked":["Heavy Blade","Dark Embrace","Wild Strike"],"picked":"SKIP","floor":7},{"not_picked":["Entrench","Havoc","Exhume"],"picked":"SKIP","floor":10},{"not_picked":["Iron Wave","Havoc"],"picked":"Ghostly Armor","floor":11},{"not_picked":["Anger","Havoc"],"picked":"Intimidate","floor":13},{"not_picked":["Havoc","Pommel Strike"],"picked":"Sword Boomerang","floor":14},{"not_picked":["Impervious","Immolate"],"picked":"Feed","floor":16},{"not_picked":["Anger","Reckless Charge+1"],"picked":"Shrug It Off","floor":18},{"not_picked":["Dark Embrace","Shockwave"],"picked":"Warcry+1","floor":20},{"not_picked":["Warcry","Clothesline","Iron Wave"],"picked":"SKIP","floor":21},{"not_picked":["Flex","Clash+1"],"picked":"Twin Strike+1","floor":22},{"not_picked":["Clash","Searing Blow+1","Shrug It Off"],"picked":"SKIP","floor":24},{"not_picked":["Shrug It Off","Cleave+1"],"picked":"Bloodletting","floor":28},{"not_picked":["Havoc","Carnage"],"picked":"Shrug It Off+1","floor":29},{"not_picked":["Perfected Strike+1","Searing Blow+1"],"picked":"Metallicize","floor":35},{"not_picked":["Pommel Strike+1","Havoc","Flex+1"],"picked":"SKIP","floor":38},{"not_picked":["Perfected Strike+1","Twin Strike+1"],"picked":"Cleave+1","floor":39},{"not_picked":["Anger+1","Burning Pact+1","Perfected Strike+1"],"picked":"SKIP","floor":41},{"not_picked":["Cleave+1","Body Slam+1","True Grit"],"picked":"SKIP","floor":44},{"not_picked":["Bloodletting","Disarm"],"picked":"Metallicize+1","floor":45},{"not_picked":["Infernal Blade","Uppercut+1","Iron Wave+1"],"picked":"SKIP","floor":47}],"player_experience":301034,"relics_obtained":[{"floor":9,"key":"Pocketwatch"},{"floor":26,"key":"Bronze Scales"},{"floor":29,"key":"Unceasing Top"},{"floor":41,"key":"Bottled Tornado"},{"floor":43,"key":"Letter Opener"},{"floor":44,"key":"Frozen Egg 2"},{"floor":48,"key":"Oddly Smooth Stone"}],"event_choices":[{"damage_healed":0,"gold_gain":0,"cards_transformed":["Strike_R"],"player_choice":"Transformed","damage_taken":0,"max_hp_gain":0,"max_hp_loss":0,"event_name":"Transmorgrifier","floor":5,"gold_loss":0,"cards_obtained":["Seeing Red"]},{"damage_healed":0,"gold_gain":100,"player_choice":"Pray","damage_taken":0,"max_hp_gain":0,"max_hp_loss":0,"event_name":"Golden Shrine","floor":19,"gold_loss":0},{"damage_healed":0,"gold_gain":0,"player_choice":"Upgrade","damage_taken":0,"max_hp_gain":0,"max_hp_loss":0,"event_name":"Designer","floor":36,"gold_loss":40,"cards_upgraded":["Metallicize"]}],"is_beta":false,"boss_relics":[{"not_picked":["Calling Bell","Mark of Pain"],"picked":"Empty Cage"},{"not_picked":["Busted Crown","Runic Cube"],"picked":"Velvet Choker"}],"items_purged_floors":[4,31,37],"is_endless":false,"potions_floor_spawned":[1,11,22,24,38,39,41,45,47],"ascension_level":6}