{"gold_per_floor":[114,133,147,147,147,147,4,36,36,48,48,8,8,8,8,112,112,97,108,122,62,80,0,0,0],"floor_reached":25,"playtime":805,"items_purged":["Strike_R"],"score":302,"play_id":"16f5b29c-6907-4620-accb-909488cb6d30","local_time":"20230824224757","is_ascension_mode":true,"campfire_choices":[{"data":"The Bomb","floor":6,"key":"SMITH"},{"data":"Metallicize","floor":11,"key":"SMITH"},{"data":"Shrug It Off","floor":13,"key":"SMITH"},{"data":"Spot Weakness","floor":15,"key":"SMITH"},{"data":"Sword Boomerang","floor":24,"key":"SMITH"}],"neow_cost":"TEN_PERCENT_HP_LOSS","seed_source_timestamp":1372920019522500,"circlet_count":0,"master_deck":["AscendersBane","Strike_R","Strike_R","Strike_R","Defend_R","Defend_R","Defend_R","Defend_R","Bash","The Bomb+1","Flex","Spot Weakness+1","Sword Boomerang+1","Metallicize+1","Shrug It Off+1","Offering","Spot Weakness","Twin Strike+1","Battle Trance+1","Battle Trance+1"],"relics":["Burning Blood","Oddly Smooth Stone","The Courier","Self Forming Clay","Coffee Dripper"],"potions_floor_usage":[22,22,22],"damage_taken":[{"damage":5,"enemies":"Cultist","floor":1,"turns":4},{"damage":18,"enemies":"2 Louse","floor":2,"turns":4},{"damage":10,"enemies":"Small Slimes","floor":3,"turns":4},{"damage":30,"enemies":"3 Sentries","floor":8,"turns":5},{"damage":10,"enemies":"2 Fungi Beasts","floor":10,"turns":5},{"damage":18,"enemies":"The Guardian","floor":16,"turns":11},{"damage":15,"enemies":"2 Thieves","floor":18,"turns":4},{"damage":12,"enemies":"Shell Parasite","floor":19,"turns":6},{"damage":23,"enemies":"Snecko","floor":20,"turns":5},{"damage":30,"enemies":"Centurion and Healer","floor":22,"turns":5},{"damage":22,"enemies":"Book of Stabbing","floor":25,"turns":3}],"seed_played":"4968242994382731467","potions_obtained":[{"floor":3,"key":"ElixirPotion"},{"floor":16,"key":"Fire Potion"},{"floor":18,"key":"AttackPotion"},{"floor":19,"key":"PowerPotion"}],"is_trial":false,"path_per_floor":["M","M","M","?","?","R","$","E","T","M","R","$","R","?","R","B",null,"M","M","M","$","M","?","R","E"],"character_chosen":"IRONCLAD","items_purchased":["Oddly Smooth Stone","Shrug It Off"],"campfire_rested":0,"item_purchase_floors":[7,12],"current_hp_per_floor":[72,60,56,56,61,61,61,37,37,33,33,33,33,33,33,21,63,54,48,31,31,7,7,7,0],"gold":0,"neow_bonus":"RANDOM_COLORLESS_2","is_prod":false,"is_daily":false,"chose_seed":false,"campfire_upgraded":5,"win_rate":0,"timestamp":1692942477,"path_taken":["M","?","M","?","?","R","$","E","T","M","R","$","R","?","R","BOSS","M","M","M","$","M","?","R","E"],"build_version":"2022-12-18","purchased_purges":1,"victory":false,"max_hp_per_floor":[72,72,72,72,77,77,77,77,77,77,77,77,77,77,77,77,77,77,77,77,77,77,77,77,77],"card_choices":[{"not_picked":["Sadistic Nature","Master of Strategy"],"picked":"The Bomb","floor":0},{"not_picked":["Wild Strike","Anger"],"picked":"Flex","floor":1},{"not_picked":["Hemokinesis","Armaments"],"picked":"Spot Weakness","floor":2},{"not_picked":["Pommel Strike","Headbutt"],"picked":"Sword Boomerang","floor":3},{"not_picked":["Clothesline","Perfected Strike","Wild Strike"],"picked":"SKIP","floor":8},{"not_picked":["Pommel Strike","Thunderclap"],"picked":"Metallicize","floor":10},{"not_picked":["Limit Break","Berserk"],"picked":"Offering","floor":16},{"not_picked":["Twin Strike","Perfected Strike"],"picked":"Spot Weakness","floor":18},{"not_picked":["Flame Barrier","Blood for Blood"],"picked":"Twin Strike+1","floor":19},{"not_picked":["Body Slam+1","Spot Weakness"],"picked":"Battle Trance+1","floor":20},{"not_picked":["Anger+1","Twin Strike"],"picked":"Battle Trance+1","floor":22}],"player_experience":369772,"relics_obtained":[{"floor":8,"key":"The Courier"},{"floor":9,"key":"Self Forming Clay"}],"event_choices":[{"cards_removed":["Strike_R"],"damage_healed":0,"gold_gain":0,"player_choice":"Forget","damage_taken":0,"max_hp_gain":0,"max_hp_loss":0,"event_name":"Living Wall","floor":4,"gold_loss":0},{"damage_healed":0,"gold_gain":0,"player_choice":"Donut","damage_taken":0,"max_hp_gain":5,"max_hp_loss":0,"event_name":"Big Fish","floor":5,"gold_loss":0},{"damage_healed":0,"gold_gain":0,"player_choice":"Ignored","damage_taken":0,"max_hp_gain":0,"max_hp_loss":0,"event_name":"Liars Game","floor":14,"gold_loss":0},{"damage_healed":0,"gold_gain":0,"player_choice":"Paid Fearfully","damage_taken":0,"max_hp_gain":0,"max_hp_loss":0,"event_name":"Masked Bandits","floor":23,"gold_loss":80}],"is_beta":false,"boss_relics":[{"not_picked":["Calling Bell","Empty Cage"],"picked":"Coffee Dripper"}],"items_purged_floors":[21],"is_endless":false,"potions_floor_spawned":[3,16,18,19],"killed_by":"Book of Stabbing","ascension_level":10}