{"gold_per_floor":[13,13,13,88,88,88,115,135,135,148,73,73,104,115,115,115],"floor_reached":16,"playtime":849,"items_purged":["Strike_R"],"score":124,"play_id":"bac94fc0-4604-40ac-92a3-9eca61745d1b","local_time":"20230815153441","is_ascension_mode":true,"campfire_choices":[{"data":"Bash","floor":6,"key":"SMITH"},{"data":"Infernal Blade","floor":12,"key":"SMITH"},{"data":"Feel No Pain","floor":15,"key":"PURGE"}],"neow_cost":"NO_GOLD","seed_source_timestamp":569264984461500,"circlet_count":0,"master_deck":["Strike_R","Strike_R","Defend_R","Defend_R","Defend_R","Defend_R","Bash+1","Warcry","Anger","Ghostly Armor","Flex","Infernal Blade+1"],"relics":["Burning Blood","TungstenRod","Prayer Wheel","Bottled Lightning","Peace Pipe"],"potions_floor_usage":[16,16],"damage_taken":[{"damage":0,"enemies":"Small Slimes","floor":1,"turns":3},{"damage":37,"enemies":"Gremlin Nob","floor":7,"turns":5},{"damage":7,"enemies":"2 Louse","floor":8,"turns":3},{"damage":0,"enemies":"Cultist","floor":10,"turns":4},{"damage":18,"enemies":"Lagavulin","floor":13,"turns":4},{"damage":12,"enemies":"Exordium Wildlife","floor":14,"turns":4},{"damage":26,"enemies":"The Guardian","floor":16,"turns":12}],"seed_played":"-7822499628782082647","potions_obtained":[{"floor":1,"key":"Regen Potion"},{"floor":10,"key":"Strength Potion"},{"floor":14,"key":"Block Potion"}],"is_trial":false,"path_per_floor":["M","?","?","?","?","R","E","M","T","M","$","R","E","M","R","B"],"character_chosen":"IRONCLAD","items_purchased":[],"campfire_rested":0,"item_purchase_floors":[],"current_hp_per_floor":[80,80,78,68,68,68,37,36,36,42,42,42,30,24,24,0],"gold":115,"neow_bonus":"ONE_RARE_RELIC","is_prod":false,"is_daily":false,"chose_seed":false,"campfire_upgraded":2,"win_rate":0,"timestamp":1692138881,"path_taken":["M","?","?","?","?","R","E","M","T","?","$","R","E","M","R","BOSS"],"build_version":"2022-12-18","purchased_purges":1,"victory":false,"max_hp_per_floor":[80,80,80,80,80,80,80,80,80,80,80,80,80,80,80,80],"card_choices":[{"not_picked":["Reckless Charge","Perfected Strike"],"picked":"Warcry","floor":1},{"not_picked":["Havoc","Uppercut"],"picked":"Anger","floor":7},{"not_picked":["Clothesline","Feel No Pain"],"picked":"Ghostly Armor","floor":8},{"not_picked":["Body Slam","Second Wind"],"picked":"Flex","floor":8},{"not_picked":["Clash","Havoc"],"picked":"Infernal Blade","floor":10},{"not_picked":["Armaments","Uppercut","Clash"],"picked":"SKIP","floor":10},{"not_picked":["Fiend Fire","Evolve","Infernal Blade"],"picked":"SKIP","floor":13},{"not_picked":["Evolve","Dual Wield","Burning Pact"],"picked":"SKIP","floor":14},{"not_picked":["Armaments","Havoc","True Grit"],"picked":"SKIP","floor":14}],"player_experience":257417,"relics_obtained":[{"floor":9,"key":"Bottled Lightning"},{"floor":13,"key":"Peace Pipe"}],"event_choices":[{"cards_removed":["Strike_R"],"damage_healed":0,"gold_gain":0,"player_choice":"Forget","damage_taken":0,"max_hp_gain":0,"max_hp_loss":0,"event_name":"Living Wall","floor":2,"gold_loss":0},{"damage_healed":0,"gold_gain":0,"player_choice":"Success","damage_taken":3,"relics_obtained":["Prayer Wheel"],"max_hp_gain":0,"max_hp_loss":0,"event_name":"Scrap Ooze","floor":3,"gold_loss":0},{"damage_healed":0,"gold_gain":75,"player_choice":"Gather Gold","damage_taken":11,"max_hp_gain":0,"max_hp_loss":0,"event_name":"World of Goop","floor":4,"gold_loss":0},{"damage_healed":0,"gold_gain":0,"cards_transformed":["Strike_R"],"player_choice":"Transformed","damage_taken":0,"max_hp_gain":0,"max_hp_loss":0,"event_name":"Transmorgrifier","floor":5,"gold_loss":0,"cards_obtained":["Feel No Pain"]}],"is_beta":false,"boss_relics":[],"items_purged_floors":[11],"is_endless":false,"potions_floor_spawned":[1,10,14],"killed_by":"The Guardian","ascension_level":3}