{"gold_per_floor":[119,194,213,226,3,28,28,43,43,343,343,357,357,376,376,476,476,487,487,88,101,120,120,150,170,221,241,241,253,253,280,280,375,375,388,404,129,179,179,179,206,206,229,229,84,84,0,0,0,0],"floor_reached":51,"playtime":2341,"items_purged":["Strike_R","Strike_R","Defend_R","Defend_R"],"score":866,"play_id":"93838cd5-f166-4bce-8ba8-d5f381148594","local_time":"20230815181240","is_ascension_mode":true,"campfire_choices":[{"data":"Iron Wave","floor":7,"key":"SMITH"},{"floor":10,"key":"DIG"},{"data":"Shrug It Off","floor":13,"key":"SMITH"},{"data":"Shrug It Off","floor":15,"key":"SMITH"},{"data":"Rupture","floor":23,"key":"SMITH"},{"floor":30,"key":"REST"},{"floor":32,"key":"REST"},{"data":"Sword Boomerang","floor":40,"key":"SMITH"},{"data":"Brutality","floor":42,"key":"SMITH"},{"floor":49,"key":"DIG"}],"neow_cost":"PERCENT_DAMAGE","seed_source_timestamp":577234844456500,"circlet_count":0,"master_deck":["Strike_R+1","Defend_R+1","Defend_R+1","Bash","Sword Boomerang+1","Shrug It Off+1","Iron Wave+1","Rupture+1","Shrug It Off+1","Spot Weakness+1","Brutality+1","Combust+1","Sword Boomerang","Rupture+1","Limit Break+1","Shrug It Off+1","Dark Shackles"],"relics":["Burning Blood","Sling","Self Forming Clay","Shovel","Old Coin","Philosopher\u0027s Stone","War Paint","Nunchaku","Singing Bowl","Orichalcum","Nilry\u0027s Codex","Blue Candle","SlaversCollar","DollysMirror","Bird Faced Urn","StrikeDummy","Smiling Mask","Red Mask","Pantograph"],"potions_floor_usage":[24,29,31,31,31,33,50],"damage_taken":[{"damage":2,"enemies":"Jaw Worm","floor":1,"turns":3},{"damage":0,"enemies":"Small Slimes","floor":3,"turns":3},{"damage":0,"enemies":"2 Louse","floor":4,"turns":4},{"damage":13,"enemies":"Gremlin Nob","floor":6,"turns":4},{"damage":4,"enemies":"Gremlin Gang","floor":8,"turns":6},{"damage":3,"enemies":"Exordium Wildlife","floor":12,"turns":4},{"damage":0,"enemies":"2 Fungi Beasts","floor":14,"turns":5},{"damage":11,"enemies":"The Guardian","floor":16,"turns":11},{"damage":18,"enemies":"2 Thieves","floor":18,"turns":4},{"damage":5,"enemies":"Spheric Guardian","floor":21,"turns":4},{"damage":7,"enemies":"Snecko","floor":22,"turns":4},{"damage":18,"enemies":"Gremlin Leader","floor":24,"turns":4},{"damage":18,"enemies":"Snake Plant","floor":25,"turns":4},{"damage":15,"enemies":"Sentry and Sphere","floor":27,"turns":4},{"damage":20,"enemies":"Snecko","floor":29,"turns":5},{"damage":31,"enemies":"Slavers","floor":31,"turns":4},{"damage":48,"enemies":"Collector","floor":33,"turns":6},{"damage":25,"enemies":"3 Shapes","floor":35,"turns":4},{"damage":21,"enemies":"Orb Walker","floor":36,"turns":4},{"damage":6,"enemies":"Mind Bloom Boss Battle","floor":38,"turns":4},{"damage":3,"enemies":"Reptomancer","floor":41,"turns":3},{"damage":19,"enemies":"Time Eater","floor":50,"turns":6}],"seed_played":"-5282731389248436608","potions_obtained":[{"floor":8,"key":"DuplicationPotion"},{"floor":12,"key":"Energy Potion"},{"floor":14,"key":"BloodPotion"},{"floor":24,"key":"Swift Potion"},{"floor":29,"key":"SkillPotion"},{"floor":31,"key":"FearPotion"},{"floor":33,"key":"Ancient Potion"},{"floor":41,"key":"Fire Potion"}],"is_trial":false,"path_per_floor":["M","?","M","M","$","E","R","M","T","R","?","M","R","M","R","B",null,"M","?","$","M","M","R","E","M","T","M","?","M","R","E","R","B",null,"M","M","$","?","?","R","E","R","T","?","$","?","?","?","R","B",null],"character_chosen":"IRONCLAD","items_purchased":["Sling","War Paint","Nunchaku","DollysMirror","Dark Shackles"],"campfire_rested":2,"item_purchase_floors":[5,20,20,37,45],"current_hp_per_floor":[60,49,55,61,61,54,54,56,56,56,40,43,43,49,49,44,80,68,68,68,69,68,68,58,48,48,41,25,28,53,30,56,14,88,71,58,58,60,60,60,71,71,71,73,73,73,73,73,73,92],"gold":0,"neow_bonus":"REMOVE_TWO","is_prod":false,"is_daily":false,"chose_seed":false,"campfire_upgraded":6,"win_rate":0,"timestamp":1692148360,"path_taken":["M","?","M","M","$","E","R","M","T","R","?","M","R","M","R","BOSS","M","?","$","M","M","R","E","?","T","M","?","M","R","E","R","BOSS","M","M","$","?","?","R","E","R","T","?","$","?","?","?","R","BOSS"],"build_version":"2022-12-18","purchased_purges":4,"victory":true,"max_hp_per_floor":[80,80,80,80,80,80,80,80,80,80,80,80,80,80,80,80,80,80,80,80,80,80,80,82,84,84,86,86,86,86,88,88,88,88,90,92,92,94,94,94,96,96,96,98,98,93,93,93,93,93],"card_choices":[{"not_picked":["Heavy Blade","Hemokinesis"],"picked":"Sword Boomerang","floor":1},{"not_picked":["Perfected Strike","Havoc"],"picked":"Shrug It Off","floor":3},{"not_picked":["Body Slam","Seeing Red"],"picked":"Iron Wave","floor":4},{"not_picked":["Flex","Clothesline","Pommel Strike"],"picked":"SKIP","floor":6},{"not_picked":["Juggernaut","Blood for Blood"],"picked":"Rupture","floor":8},{"not_picked":["Heavy Blade","Seeing Red"],"picked":"Shrug It Off","floor":12},{"not_picked":["Ghostly Armor","Perfected Strike"],"picked":"Spot Weakness","floor":14},{"not_picked":["Offering","Demon Form"],"picked":"Brutality","floor":16},{"not_picked":["Clash","Clothesline+1"],"picked":"Combust+1","floor":18},{"not_picked":["Clothesline+1","Anger","Cleave+1"],"picked":"SKIP","floor":21},{"not_picked":["Entrench","Shrug It Off","Power Through"],"picked":"SKIP","floor":22},{"not_picked":["Sever Soul","Iron Wave","Bloodletting"],"picked":"Singing Bowl","floor":24},{"not_picked":["Iron Wave","Clash","Anger+1"],"picked":"Singing Bowl","floor":25},{"not_picked":["Twin Strike","Clash+1","Shrug It Off"],"picked":"Singing Bowl","floor":27},{"not_picked":["Rage","Demon Form"],"picked":"Rupture+1","floor":29},{"not_picked":["Blood for Blood","Shrug It Off","Cleave"],"picked":"Singing Bowl","floor":31},{"not_picked":["Impervious","Immolate"],"picked":"Limit Break","floor":33},{"not_picked":["Pommel Strike","Second Wind+1","Clash+1"],"picked":"Singing Bowl","floor":35},{"not_picked":["Blood for Blood+1","Heavy Blade","Iron Wave"],"picked":"Singing Bowl","floor":36},{"not_picked":["Evolve+1","Sword Boomerang","Clothesline"],"picked":"Singing Bowl","floor":38},{"not_picked":["Bloodletting","Blood for Blood","Feed"],"picked":"Singing Bowl","floor":41},{"not_picked":["HandOfGreed","Transmutation","Violence"],"picked":"Singing Bowl","floor":44}],"player_experience":264604,"relics_obtained":[{"floor":6,"key":"Self Forming Clay"},{"floor":9,"key":"Shovel"},{"floor":10,"key":"Old Coin"},{"floor":24,"key":"Singing Bowl"},{"floor":26,"key":"Orichalcum"},{"floor":28,"key":"Nilry\u0027s Codex"},{"floor":31,"key":"Blue Candle"},{"floor":38,"key":"Bird Faced Urn"},{"floor":41,"key":"StrikeDummy"},{"floor":43,"key":"Smiling Mask"},{"floor":49,"key":"Pantograph"}],"event_choices":[{"damage_healed":0,"gold_gain":75,"player_choice":"Gather Gold","damage_taken":11,"max_hp_gain":0,"max_hp_loss":0,"event_name":"World of Goop","floor":2,"gold_loss":0},{"damage_healed":0,"gold_gain":0,"player_choice":"Entered Light","damage_taken":16,"max_hp_gain":0,"max_hp_loss":0,"event_name":"Shining Light","floor":11,"gold_loss":0,"cards_upgraded":["Strike_R","Defend_R"]},{"damage_healed":0,"gold_gain":0,"player_choice":"Copied","damage_taken":0,"max_hp_gain":0,"max_hp_loss":0,"event_name":"Duplicator","floor":19,"gold_loss":0,"cards_obtained":["Sword Boomerang"]},{"damage_healed":0,"gold_gain":0,"player_choice":"Obtained Book","damage_taken":16,"max_hp_gain":0,"max_hp_loss":0,"event_name":"Cursed Tome","floor":28,"gold_loss":0},{"damage_healed":0,"gold_gain":0,"player_choice":"Fight","damage_taken":0,"max_hp_gain":0,"max_hp_loss":0,"event_name":"MindBloom","floor":38,"gold_loss":0},{"damage_healed":0,"gold_gain":0,"player_choice":"Ignored","damage_taken":0,"max_hp_gain":0,"max_hp_loss":0,"event_name":"Mysterious Sphere","floor":39,"gold_loss":0},{"damage_healed":0,"gold_gain":0,"player_choice":"Memory 1","damage_taken":0,"max_hp_gain":0,"max_hp_loss":0,"event_name":"SensoryStone","floor":44,"gold_loss":0},{"damage_healed":0,"gold_gain":0,"player_choice":"Max HP","damage_taken":0,"max_hp_gain":0,"max_hp_loss":5,"event_name":"Winding Halls","floor":46,"gold_loss":0},{"damage_healed":0,"gold_gain":0,"player_choice":"Paid","damage_taken":0,"relics_obtained":["Red Mask"],"max_hp_gain":0,"max_hp_loss":0,"event_name":"Tomb of Lord Red Mask","floor":47,"gold_loss":84},{"damage_healed":0,"gold_gain":0,"player_choice":"Upgraded","damage_taken":0,"max_hp_gain":0,"max_hp_loss":0,"event_name":"Upgrade Shrine","floor":48,"gold_loss":0,"cards_upgraded":["Limit Break"]}],"is_beta":false,"boss_relics":[{"not_picked":["Cursed Key","Velvet Choker"],"picked":"Philosopher\u0027s Stone"},{"not_picked":["Astrolabe","Calling Bell"],"picked":"SlaversCollar"}],"items_purged_floors":[5,20,37,45],"is_endless":false,"potions_floor_spawned":[8,12,14,24,29,31,33,41],"ascension_level":3}