{"gold_per_floor":[109,109,128,128,138,155,155,173,173,173,192,192,44,67,67,170,170,185,40,51,69,84,84,110,110,110,121,46,46,46,59,59,154,154,165,165,17,30,46,46,46,46,96,96,110,141,16,28,28,28],"floor_reached":51,"playtime":2550,"items_purged":["Strike_R","Strike_R","Clash"],"score":1002,"play_id":"e14a2f21-5d73-4824-bd6a-3e8337a17655","local_time":"20230823202037","is_ascension_mode":true,"campfire_choices":[{"data":"Flex","floor":7,"key":"SMITH"},{"data":"Dark Shackles","floor":10,"key":"SMITH"},{"data":"Armaments","floor":12,"key":"SMITH"},{"data":"Metallicize","floor":15,"key":"SMITH"},{"data":"Spot Weakness","floor":23,"key":"SMITH"},{"data":"Ghostly Armor","floor":25,"key":"SMITH"},{"data":"Double Tap","floor":30,"key":"SMITH"},{"floor":32,"key":"REST"},{"data":"Metallicize","floor":40,"key":"SMITH"},{"data":"Warcry","floor":42,"key":"SMITH"},{"data":"Bash","floor":44,"key":"SMITH"},{"data":"Defend_R","floor":49,"key":"SMITH"}],"neow_cost":"NONE","seed_source_timestamp":1275923805258100,"circlet_count":0,"master_deck":["Strike_R+1","Defend_R","Defend_R","Defend_R","Defend_R+1","Bash+1","Dark Shackles+1","Flex+1","Clothesline+1","Cleave+1","Armaments+1","Metallicize+1","Double Tap+1","Ghostly Armor+1","Evolve+1","Shrug It Off+1","Spot Weakness+1","Warcry+1","Pummel+1","Battle Trance+1","Reaper","Metallicize+1","Sword Boomerang+1","Shockwave+1"],"relics":["Burning Blood","Bronze Scales","TungstenRod","Pear","Odd Mushroom","Velvet Choker","Toolbox","Whetstone","Singing Bowl","Runic Pyramid","Orichalcum","HornCleat"],"potions_floor_usage":[14,16,24,24,33,33,50,50,50],"damage_taken":[{"damage":3,"enemies":"Small Slimes","floor":1,"turns":4},{"damage":0,"enemies":"Jaw Worm","floor":3,"turns":3},{"damage":4,"enemies":"Cultist","floor":5,"turns":4},{"damage":1,"enemies":"Looter","floor":6,"turns":3},{"damage":11,"enemies":"Blue Slaver","floor":8,"turns":3},{"damage":14,"enemies":"Large Slime","floor":11,"turns":5},{"damage":2,"enemies":"The Mushroom Lair","floor":14,"turns":4},{"damage":19,"enemies":"The Guardian","floor":16,"turns":11},{"damage":8,"enemies":"3 Byrds","floor":18,"turns":4},{"damage":8,"enemies":"Spheric Guardian","floor":20,"turns":6},{"damage":11,"enemies":"Centurion and Healer","floor":21,"turns":6},{"damage":2,"enemies":"Chosen and Byrds","floor":22,"turns":6},{"damage":29,"enemies":"Slavers","floor":24,"turns":4},{"damage":26,"enemies":"3 Cultists","floor":27,"turns":5},{"damage":5,"enemies":"Snake Plant","floor":31,"turns":5},{"damage":55,"enemies":"Automaton","floor":33,"turns":8},{"damage":25,"enemies":"3 Shapes","floor":35,"turns":7},{"damage":0,"enemies":"Orb Walker","floor":38,"turns":2},{"damage":40,"enemies":"Transient","floor":39,"turns":5},{"damage":10,"enemies":"Writhing Mass","floor":45,"turns":6},{"damage":3,"enemies":"Nemesis","floor":46,"turns":9},{"damage":11,"enemies":"Jaw Worm Horde","floor":48,"turns":5},{"damage":110,"enemies":"Donu and Deca","floor":50,"turns":12}],"seed_played":"-4539685425086756503","potions_obtained":[{"floor":1,"key":"BlessingOfTheForge"},{"floor":5,"key":"Block Potion"},{"floor":8,"key":"Strength Potion"},{"floor":14,"key":"GamblersBrew"},{"floor":16,"key":"Explosive Potion"},{"floor":22,"key":"Strength Potion"},{"floor":24,"key":"FearPotion"},{"floor":27,"key":"LiquidMemories"},{"floor":35,"key":"SmokeBomb"},{"floor":39,"key":"Block Potion"},{"floor":48,"key":"Swift Potion"}],"is_trial":false,"path_per_floor":["M","?","M","T","M","M","R","M","T","R","M","R","$","?","R","B",null,"M","$","M","M","M","R","E","R","T","M","?","?","R","M","R","B",null,"M","?","$","M","M","R","?","R","T","R","M","E","$","M","R","B",null],"character_chosen":"IRONCLAD","items_purchased":["Metallicize","Toolbox","Dexterity Potion"],"campfire_rested":1,"item_purchase_floors":[13,19,37],"current_hp_per_floor":[75,57,63,63,65,70,70,65,75,75,67,67,67,71,71,58,82,80,80,78,73,77,77,54,54,54,34,34,34,34,35,62,13,71,90,90,90,92,58,58,58,58,58,58,57,86,86,96,96,36],"gold":28,"neow_bonus":"RANDOM_COLORLESS","is_prod":false,"is_daily":false,"chose_seed":false,"campfire_upgraded":11,"win_rate":0,"timestamp":1692847237,"path_taken":["M","?","M","?","M","M","R","M","T","R","?","R","$","?","R","BOSS","M","$","M","M","M","R","E","R","T","M","?","?","R","M","R","BOSS","M","?","$","?","M","R","?","R","T","R","M","E","$","?","R","BOSS"],"build_version":"2022-12-18","purchased_purges":3,"victory":true,"max_hp_per_floor":[80,80,80,80,80,80,80,80,90,90,90,90,90,90,90,90,90,90,90,90,90,90,90,90,90,90,90,90,90,90,90,90,90,90,90,90,90,92,92,92,92,92,92,92,94,94,94,96,96,96],"card_choices":[{"not_picked":["Impatience","Mind Blast"],"picked":"Dark Shackles","floor":0},{"not_picked":["Warcry","Burning Pact"],"picked":"Flex","floor":1},{"not_picked":["Fire Breathing","Dual Wield","Body Slam"],"picked":"SKIP","floor":3},{"not_picked":["Rage","Infernal Blade"],"picked":"Clothesline","floor":5},{"not_picked":["Shockwave","Body Slam"],"picked":"Cleave","floor":6},{"not_picked":["True Grit","Cleave","Clash"],"picked":"SKIP","floor":8},{"not_picked":["Burning Pact","Power Through"],"picked":"Armaments","floor":11},{"not_picked":["Juggernaut","Immolate"],"picked":"Double Tap","floor":16},{"not_picked":["Rupture","Pommel Strike"],"picked":"Ghostly Armor","floor":18},{"not_picked":["Rampage+1","Body Slam"],"picked":"Evolve+1","floor":20},{"not_picked":["Anger","Second Wind+1"],"picked":"Shrug It Off+1","floor":21},{"not_picked":["Wild Strike","Bloodletting+1"],"picked":"Spot Weakness","floor":22},{"not_picked":["Headbutt","Bludgeon"],"picked":"Warcry","floor":24},{"not_picked":["Headbutt","Clash"],"picked":"Pummel+1","floor":27},{"not_picked":["Havoc","Headbutt"],"picked":"Battle Trance+1","floor":31},{"not_picked":["Brutality","Demon Form"],"picked":"Reaper","floor":33},{"not_picked":["Perfected Strike+1","Iron Wave+1"],"picked":"Metallicize","floor":35},{"not_picked":["Cleave+1","Corruption","Blood for Blood"],"picked":"Singing Bowl","floor":38},{"not_picked":["Warcry","Clothesline+1"],"picked":"Sword Boomerang+1","floor":39},{"not_picked":["Carnage+1","Sword Boomerang+1","Sentinel"],"picked":"Singing Bowl","floor":45},{"not_picked":["Seeing Red","Combust"],"picked":"Shockwave+1","floor":46},{"not_picked":["Searing Blow+1","Bloodletting","Body Slam+1"],"picked":"Singing Bowl","floor":48}],"player_experience":354482,"relics_obtained":[{"floor":4,"key":"TungstenRod"},{"floor":9,"key":"Pear"},{"floor":14,"key":"Odd Mushroom"},{"floor":24,"key":"Whetstone"},{"floor":26,"key":"Singing Bowl"},{"floor":43,"key":"Orichalcum"},{"floor":46,"key":"HornCleat"}],"event_choices":[{"damage_healed":0,"gold_gain":0,"player_choice":"Success","damage_taken":18,"relics_obtained":["Bronze Scales"],"max_hp_gain":0,"max_hp_loss":0,"event_name":"Scrap Ooze","floor":2,"gold_loss":0},{"damage_healed":0,"gold_gain":0,"player_choice":"Fought Mushrooms","damage_taken":0,"max_hp_gain":0,"max_hp_loss":0,"event_name":"Mushrooms","floor":14,"gold_loss":0},{"cards_removed":["Strike_R"],"damage_healed":0,"gold_gain":0,"player_choice":"Gave Gold","damage_taken":0,"max_hp_gain":0,"max_hp_loss":0,"event_name":"Beggar","floor":28,"gold_loss":75},{"damage_healed":0,"gold_gain":0,"cards_transformed":["Strike_R"],"player_choice":"Transformed","damage_taken":0,"max_hp_gain":0,"max_hp_loss":0,"event_name":"Transmorgrifier","floor":36,"gold_loss":0,"cards_obtained":["Clash"]},{"damage_healed":0,"gold_gain":0,"player_choice":"Forge","damage_taken":0,"max_hp_gain":0,"max_hp_loss":0,"event_name":"Accursed Blacksmith","floor":41,"gold_loss":0,"cards_upgraded":["Clothesline"]}],"is_beta":false,"boss_relics":[{"not_picked":["Runic Cube","Black Star"],"picked":"Velvet Choker"},{"not_picked":["Mark of Pain","Sozu"],"picked":"Runic Pyramid"}],"items_purged_floors":[13,37,47],"is_endless":false,"potions_floor_spawned":[1,5,8,14,16,20,22,24,27,35,39,45,48],"ascension_level":9}