{"gold_per_floor":[117,136,136,86,103,113,146,146,146,146,173,187,187,202,202,299,299,319,319,115,134,134,134,134,134,134,134,153,166,166,197,197,300,300,317,128,143,193,204,204,10,41,41,41,53,53,0,25,25,25],"floor_reached":51,"playtime":2478,"items_purged":["Strike_R","Strike_R"],"score":1017,"play_id":"59fd6c5b-877f-4de0-9396-85ce027247af","local_time":"20230822190428","is_ascension_mode":true,"campfire_choices":[{"data":"Clothesline","floor":8,"key":"SMITH"},{"data":"Shrug It Off","floor":10,"key":"SMITH"},{"data":"Intimidate","floor":13,"key":"SMITH"},{"data":"Cleave","floor":15,"key":"SMITH"},{"data":"Demon Form","floor":23,"key":"SMITH"},{"data":"Metallicize","floor":25,"key":"SMITH"},{"data":"Sword Boomerang","floor":27,"key":"SMITH"},{"data":"Defend_R","floor":30,"key":"SMITH"},{"floor":32,"key":"REST"},{"data":"Berserk","floor":40,"key":"SMITH"},{"data":"Strike_R","floor":49,"key":"PURGE"}],"neow_cost":"PERCENT_DAMAGE","seed_source_timestamp":1184973767001500,"circlet_count":0,"master_deck":["Defend_R","Defend_R","Defend_R","Defend_R+1","Bash","Cleave+1","Clothesline+1","Shrug It Off+1","Sword Boomerang+1","Intimidate+1","Metallicize+1","Demon Form+1","J.A.X.","Evolve","Trip+1","Pommel Strike+1","Reaper+1","CurseOfTheBell","Finesse+1","Berserk+1","Shrug It Off"],"relics":["Burning Blood","Torii","White Beast Statue","Singing Bowl","Odd Mushroom","Mark of Pain","Enchiridion","Molten Egg 2","Pantograph","Calling Bell","Nunchaku","Ornamental Fan","Calipers","Peace Pipe","ClockworkSouvenir","Mummified Hand","HornCleat","Red Mask","War Paint"],"potions_floor_usage":[7,11,16,16,31,31,42,50,50,50],"damage_taken":[{"damage":8,"enemies":"Small Slimes","floor":1,"turns":3},{"damage":0,"enemies":"2 Louse","floor":2,"turns":3},{"damage":1,"enemies":"Jaw Worm","floor":5,"turns":3},{"damage":10,"enemies":"Large Slime","floor":6,"turns":8},{"damage":22,"enemies":"Lagavulin","floor":7,"turns":11},{"damage":17,"enemies":"The Mushroom Lair","floor":11,"turns":4},{"damage":8,"enemies":"Exordium Thugs","floor":12,"turns":5},{"damage":0,"enemies":"Exordium Wildlife","floor":14,"turns":3},{"damage":13,"enemies":"Slime Boss","floor":16,"turns":9},{"damage":2,"enemies":"Chosen","floor":18,"turns":5},{"damage":22,"enemies":"2 Thieves","floor":21,"turns":4},{"damage":11,"enemies":"Centurion and Healer","floor":28,"turns":6},{"damage":21,"enemies":"Shelled Parasite and Fungi","floor":29,"turns":5},{"damage":40,"enemies":"Gremlin Leader","floor":31,"turns":7},{"damage":42,"enemies":"Champ","floor":33,"turns":8},{"damage":40,"enemies":"Orb Walker","floor":35,"turns":7},{"damage":16,"enemies":"3 Darklings","floor":37,"turns":4},{"damage":9,"enemies":"Mind Bloom Boss Battle","floor":38,"turns":8},{"damage":16,"enemies":"Spire Growth","floor":39,"turns":5},{"damage":104,"enemies":"Reptomancer","floor":42,"turns":7},{"damage":10,"enemies":"Sphere and 2 Shapes","floor":45,"turns":6},{"damage":4,"enemies":"Nemesis","floor":48,"turns":7},{"damage":40,"enemies":"Awakened One","floor":50,"turns":9}],"seed_played":"3221889915416553849","potions_obtained":[{"floor":2,"key":"BloodPotion"},{"floor":5,"key":"Block Potion"},{"floor":7,"key":"ColorlessPotion"},{"floor":11,"key":"PowerPotion"},{"floor":12,"key":"GamblersBrew"},{"floor":14,"key":"SteroidPotion"},{"floor":16,"key":"PowerPotion"},{"floor":18,"key":"SteroidPotion"},{"floor":21,"key":"Block Potion"},{"floor":31,"key":"BloodPotion"},{"floor":33,"key":"Weak Potion"},{"floor":35,"key":"HeartOfIron"},{"floor":42,"key":"Strength Potion"}],"is_trial":false,"path_per_floor":["M","M","?","?","M","M","E","R","T","R","?","M","R","M","R","B",null,"M","?","$","M","?","R","?","R","T","R","M","M","R","E","R","B",null,"M","$","M","?","M","R","$","E","T","$","M","?","?","E","R","B",null],"character_chosen":"IRONCLAD","items_purchased":["Evolve","Trip","Finesse","Shrug It Off","ClockworkSouvenir"],"campfire_rested":1,"item_purchase_floors":[20,20,36,41,41],"current_hp_per_floor":[49,55,48,48,53,49,33,33,33,33,24,22,22,28,28,21,67,73,73,73,59,43,43,48,48,48,48,45,30,30,13,39,30,75,68,68,76,94,96,96,96,66,66,66,82,82,82,93,93,63],"gold":25,"neow_bonus":"ONE_RARE_RELIC","is_prod":false,"is_daily":false,"chose_seed":false,"campfire_upgraded":9,"win_rate":0,"timestamp":1692756268,"path_taken":["M","M","?","?","M","M","E","R","T","R","?","M","R","M","R","BOSS","M","?","$","M","?","R","?","R","T","R","M","M","R","E","R","BOSS","M","$","M","?","M","R","$","E","T","$","M","?","?","E","R","BOSS"],"build_version":"2022-12-18","purchased_purges":2,"victory":true,"max_hp_per_floor":[80,80,80,80,80,80,80,80,80,80,82,82,82,82,82,82,82,84,84,84,86,86,86,86,86,86,86,88,88,88,88,88,90,90,92,92,92,94,96,96,96,98,98,98,100,95,95,97,97,97],"card_choices":[{"not_picked":["Feel No Pain","Whirlwind"],"picked":"Cleave","floor":1},{"not_picked":["Wild Strike","Reckless Charge"],"picked":"Twin Strike","floor":2},{"not_picked":["Dark Embrace","Carnage"],"picked":"Clothesline","floor":5},{"not_picked":["Rampage","Dark Embrace"],"picked":"Shrug It Off","floor":6},{"not_picked":["Searing Blow","Disarm"],"picked":"Sword Boomerang","floor":7},{"not_picked":["Second Wind","Wild Strike","Thunderclap"],"picked":"Singing Bowl","floor":11},{"not_picked":["Warcry","Seeing Red"],"picked":"Intimidate","floor":12},{"not_picked":["Headbutt","Pommel Strike"],"picked":"Metallicize","floor":14},{"not_picked":["Bludgeon","Corruption"],"picked":"Demon Form","floor":16},{"not_picked":["Cleave","Warcry","Rage"],"picked":"Singing Bowl","floor":18},{"not_picked":["True Grit","Combust","Heavy Blade"],"picked":"Singing Bowl","floor":21},{"not_picked":["Heavy Blade+1","Combust","Rage"],"picked":"Singing Bowl","floor":28},{"not_picked":["Twin Strike+1","Spot Weakness"],"picked":"Pommel Strike+1","floor":29},{"not_picked":["Clash+1","Warcry"],"picked":"Reaper+1","floor":31},{"not_picked":["Fiend Fire+1","Exhume","Juggernaut"],"picked":"Singing Bowl","floor":33},{"not_picked":["Clash+1","Flex","Wild Strike+1"],"picked":"Singing Bowl","floor":35},{"not_picked":["Wild Strike+1","Headbutt+1"],"picked":"Berserk","floor":37},{"not_picked":["Bloodletting+1","Fire Breathing","Perfected Strike+1"],"picked":"Singing Bowl","floor":38},{"not_picked":["Perfected Strike+1","Headbutt+1","Anger+1"],"picked":"Singing Bowl","floor":39},{"not_picked":["Anger+1","Feel No Pain","Barricade"],"picked":"Singing Bowl","floor":42},{"not_picked":["Pummel+1","Disarm","Flex+1"],"picked":"Singing Bowl","floor":45},{"not_picked":["Headbutt+1","Havoc+1","Heavy Blade+1"],"picked":"Singing Bowl","floor":48}],"player_experience":342699,"relics_obtained":[{"floor":7,"key":"White Beast Statue"},{"floor":9,"key":"Singing Bowl"},{"floor":11,"key":"Odd Mushroom"},{"floor":22,"key":"Enchiridion"},{"floor":26,"key":"Molten Egg 2"},{"floor":31,"key":"Pantograph"},{"floor":34,"key":"Nunchaku"},{"floor":34,"key":"Ornamental Fan"},{"floor":34,"key":"Calipers"},{"floor":38,"key":"Peace Pipe"},{"floor":42,"key":"Mummified Hand"},{"floor":43,"key":"HornCleat"},{"floor":48,"key":"War Paint"}],"event_choices":[{"cards_removed":["Strike_R"],"damage_healed":0,"gold_gain":0,"player_choice":"Card Removal","damage_taken":7,"max_hp_gain":0,"max_hp_loss":0,"event_name":"Golden Wing","floor":3,"gold_loss":0},{"cards_removed":["Strike_R"],"damage_healed":0,"gold_gain":0,"player_choice":"Card Removal","damage_taken":0,"max_hp_gain":0,"max_hp_loss":0,"event_name":"The Cleric","floor":4,"gold_loss":50},{"damage_healed":0,"gold_gain":0,"player_choice":"Fought Mushrooms","damage_taken":0,"max_hp_gain":0,"max_hp_loss":0,"event_name":"Mushrooms","floor":11,"gold_loss":0},{"damage_healed":0,"gold_gain":0,"player_choice":"Obtain J.A.X.","damage_taken":0,"max_hp_gain":0,"max_hp_loss":0,"event_name":"Drug Dealer","floor":19,"gold_loss":0,"cards_obtained":["J.A.X."]},{"damage_healed":0,"gold_gain":0,"player_choice":"Obtained Book","damage_taken":16,"max_hp_gain":0,"max_hp_loss":0,"event_name":"Cursed Tome","floor":22,"gold_loss":0},{"cards_removed":["Twin Strike"],"damage_healed":5,"gold_gain":0,"player_choice":"Offered Common","damage_taken":0,"max_hp_gain":0,"max_hp_loss":0,"event_name":"Bonfire Elementals","floor":24,"gold_loss":0},{"cards_removed":["Twin Strike"],"damage_healed":5,"gold_gain":0,"player_choice":"Offered Special","damage_taken":0,"max_hp_gain":0,"max_hp_loss":0,"event_name":"Bonfire Elementals","floor":24,"gold_loss":0},{"damage_healed":0,"gold_gain":0,"player_choice":"Fight","damage_taken":0,"max_hp_gain":0,"max_hp_loss":0,"event_name":"MindBloom","floor":38,"gold_loss":0},{"damage_healed":0,"gold_gain":0,"player_choice":"Max HP","damage_taken":0,"max_hp_gain":0,"max_hp_loss":5,"event_name":"Winding Halls","floor":46,"gold_loss":0},{"damage_healed":0,"gold_gain":0,"player_choice":"Paid","damage_taken":0,"relics_obtained":["Red Mask"],"max_hp_gain":0,"max_hp_loss":0,"event_name":"Tomb of Lord Red Mask","floor":47,"gold_loss":53}],"is_beta":false,"boss_relics":[{"not_picked":["Coffee Dripper","Fusion Hammer"],"picked":"Mark of Pain"},{"not_picked":["Astrolabe","Black Star"],"picked":"Calling Bell"}],"items_purged_floors":[20,36],"is_endless":false,"potions_floor_spawned":[2,5,7,11,12,14,16,18,21,28,29,31,33,35,37,38,39,42,45,48],"ascension_level":8}