{"gold_per_floor":[113,288,36,36,53,85,85,185,210,226,226,245,245,195,195,296,296,315,334,351,56,56,56,88,88,167,178,56,56,56],"floor_reached":30,"playtime":1122,"items_purged":["Strike_R","Strike_R"],"score":308,"play_id":"cdfe10b6-3130-4e9c-8409-9e32cab1480f","local_time":"20230818185344","is_ascension_mode":true,"campfire_choices":[{"data":"Infernal Blade","floor":7,"key":"SMITH"},{"floor":11,"key":"REST"},{"data":"Defend_R","floor":13,"key":"SMITH"},{"data":"Defend_R","floor":15,"key":"SMITH"},{"floor":23,"key":"REST"},{"data":"Defend_R","floor":29,"key":"SMITH"}],"neow_cost":"NONE","seed_source_timestamp":840134848225100,"circlet_count":0,"master_deck":["Strike_R","Strike_R","Defend_R+1","Defend_R+1","Defend_R","Defend_R+1","Bash","Infernal Blade+1","Spot Weakness+1","Dual Wield+1","Flex+1","Armaments+1","Shrug It Off+1","Ghostly Armor+1","Spot Weakness+1","Iron Wave+1","Shrug It Off+1"],"relics":["Burning Blood","Toxic Egg 2","Centennial Puzzle","Bronze Scales","Philosopher\u0027s Stone","Sling","PreservedInsect","Meat on the Bone"],"potions_floor_usage":[6,16,16,20,20,30,30],"damage_taken":[{"damage":15,"enemies":"Small Slimes","floor":1,"turns":4},{"damage":9,"enemies":"Jaw Worm","floor":5,"turns":3},{"damage":35,"enemies":"3 Sentries","floor":6,"turns":7},{"damage":0,"enemies":"Cultist","floor":10,"turns":3},{"damage":1,"enemies":"2 Fungi Beasts","floor":12,"turns":3},{"damage":65,"enemies":"Hexaghost","floor":16,"turns":10},{"damage":24,"enemies":"3 Byrds","floor":18,"turns":3},{"damage":4,"enemies":"Spheric Guardian","floor":19,"turns":3},{"damage":31,"enemies":"Snake Plant","floor":20,"turns":5},{"damage":28,"enemies":"Book of Stabbing","floor":24,"turns":5},{"damage":33,"enemies":"Centurion and Healer","floor":27,"turns":7},{"damage":62,"enemies":"Gremlin Leader","floor":30,"turns":7}],"seed_played":"2999647482074399899","potions_obtained":[{"floor":5,"key":"Swift Potion"},{"floor":10,"key":"Fruit Juice"},{"floor":12,"key":"Swift Potion"},{"floor":16,"key":"DuplicationPotion"},{"floor":18,"key":"Fire Potion"},{"floor":19,"key":"Fire Potion"},{"floor":24,"key":"PowerPotion"},{"floor":27,"key":"BlessingOfTheForge"}],"is_trial":false,"path_per_floor":["M","?","$","?","M","E","R","?","T","M","R","M","R","?","R","B",null,"M","M","M","$","?","R","E","?","T","M","$","R","E"],"character_chosen":"IRONCLAD","items_purchased":["Toxic Egg 2","Sling","Spot Weakness+1","Shrug It Off+1"],"campfire_rested":2,"item_purchase_floors":[3,21,21,28],"current_hp_per_floor":[71,71,71,76,73,44,44,44,44,50,75,80,80,80,80,26,74,56,58,33,33,33,60,38,68,68,53,53,53,0],"gold":56,"neow_bonus":"REMOVE_CARD","is_prod":false,"is_daily":false,"chose_seed":false,"campfire_upgraded":4,"win_rate":0,"timestamp":1692410024,"path_taken":["M","?","$","?","M","E","R","?","T","M","R","?","R","?","R","BOSS","M","M","M","$","?","R","E","?","T","M","$","R","E"],"build_version":"2022-12-18","purchased_purges":2,"victory":false,"max_hp_per_floor":[80,80,80,85,85,85,85,85,85,85,85,85,85,85,85,90,90,90,90,90,90,90,90,90,90,90,90,90,90,90],"card_choices":[{"not_picked":["Heavy Blade","Clothesline"],"picked":"Infernal Blade","floor":1},{"not_picked":["Metallicize","True Grit+1"],"picked":"Spot Weakness+1","floor":5},{"not_picked":["Immolate","Evolve","Dark Embrace"],"picked":"SKIP","floor":6},{"not_picked":["Headbutt","Heavy Blade"],"picked":"Dual Wield+1","floor":10},{"not_picked":["Body Slam","Twin Strike"],"picked":"Flex+1","floor":12},{"not_picked":["Shockwave+1","Uppercut"],"picked":"Armaments+1","floor":18},{"not_picked":["Heavy Blade","Cleave"],"picked":"Shrug It Off+1","floor":19},{"not_picked":["Juggernaut","Iron Wave"],"picked":"Ghostly Armor+1","floor":20},{"not_picked":["Pommel Strike","Wild Strike"],"picked":"Iron Wave+1","floor":24},{"not_picked":["Searing Blow","Uppercut","Carnage"],"picked":"SKIP","floor":27}],"player_experience":286769,"relics_obtained":[{"floor":6,"key":"Centennial Puzzle"},{"floor":9,"key":"Bronze Scales"},{"floor":24,"key":"PreservedInsect"},{"floor":26,"key":"Meat on the Bone"}],"event_choices":[{"damage_healed":0,"gold_gain":175,"player_choice":"AGREE","damage_taken":0,"max_hp_gain":0,"max_hp_loss":0,"event_name":"Liars Game","floor":2,"gold_loss":0,"cards_obtained":["Doubt"]},{"damage_healed":0,"gold_gain":0,"player_choice":"Donut","damage_taken":0,"max_hp_gain":5,"max_hp_loss":0,"event_name":"Big Fish","floor":4,"gold_loss":0},{"damage_healed":0,"gold_gain":100,"player_choice":"Pray","damage_taken":0,"max_hp_gain":0,"max_hp_loss":0,"event_name":"Golden Shrine","floor":8,"gold_loss":0},{"cards_removed":["Doubt"],"damage_healed":0,"gold_gain":0,"player_choice":"Card Removal","damage_taken":0,"max_hp_gain":0,"max_hp_loss":0,"event_name":"The Cleric","floor":14,"gold_loss":50},{"damage_healed":0,"gold_gain":0,"player_choice":"Ignored","damage_taken":0,"max_hp_gain":0,"max_hp_loss":0,"event_name":"The Mausoleum","floor":22,"gold_loss":0},{"damage_healed":30,"gold_gain":0,"player_choice":"Heal","damage_taken":0,"max_hp_gain":0,"max_hp_loss":0,"event_name":"The Library","floor":25,"gold_loss":0}],"is_beta":false,"boss_relics":[{"not_picked":["Sozu","Coffee Dripper"],"picked":"Philosopher\u0027s Stone"}],"items_purged_floors":[21,28],"is_endless":false,"potions_floor_spawned":[5,10,12,16,18,19,24,27],"killed_by":"Gremlin Leader","ascension_level":5}