{"gold_per_floor":[118,130,142,158,10,37,37,50,50,50,79,179,205,218,218,315,315,334,352,452,470,283,283,198,198,222,239,239,239,269,269,269,372,372,386,144,144,159,172,172,204,23,48,48,48,65,28,44,44,44],"floor_reached":51,"playtime":2143,"items_purged":["Strike_R","Strike_R","Strike_R"],"score":938,"play_id":"116863c2-c5c8-4559-bc16-3b18bdf03ce6","local_time":"20230818192954","is_ascension_mode":true,"campfire_choices":[{"data":"Armaments","floor":7,"key":"SMITH"},{"data":"Inflame","floor":10,"key":"SMITH"},{"data":"Ghostly Armor","floor":15,"key":"SMITH"},{"data":"Metallicize","floor":23,"key":"SMITH"},{"data":"Inflame","floor":25,"key":"SMITH"},{"data":"Ghostly Armor","floor":28,"key":"SMITH"},{"data":"Spot Weakness","floor":32,"key":"SMITH"},{"data":"Metallicize","floor":40,"key":"SMITH"},{"data":"Heavy Blade","floor":44,"key":"SMITH"},{"data":"Offering","floor":49,"key":"SMITH"}],"neow_cost":"NONE","seed_source_timestamp":841273638668700,"circlet_count":0,"master_deck":["Strike_R","Strike_R","Defend_R+1","Defend_R","Defend_R+1","Defend_R","Bash","Twin Strike","Armaments+1","Hemokinesis","Inflame+1","Ghostly Armor+1","Spot Weakness+1","Inflame+1","Offering+1","Power Through+1","Metallicize+1","Ghostly Armor+1","Metallicize+1","Anger+1","Cleave+1","Heavy Blade+1","Ghostly Armor+1","Inflame"],"relics":["Burning Blood","MealTicket","Membership Card","Lizard Tail","Singing Bowl","War Paint","Mango","Philosopher\u0027s Stone","Happy Flower","Bronze Scales","Pen Nib","Centennial Puzzle","Letter Opener","Busted Crown","Unceasing Top","Mummified Hand","Orrery","Red Skull","Vajra"],"potions_floor_usage":[6,13,30,33,33,39,41,50,50,50],"damage_taken":[{"damage":10,"enemies":"Cultist","floor":1,"turns":5},{"damage":0,"enemies":"Small Slimes","floor":2,"turns":3},{"damage":0,"enemies":"2 Louse","floor":3,"turns":4},{"damage":8,"enemies":"Gremlin Gang","floor":4,"turns":5},{"damage":18,"enemies":"Gremlin Nob","floor":6,"turns":3},{"damage":9,"enemies":"Red Slaver","floor":8,"turns":3},{"damage":26,"enemies":"Lagavulin","floor":11,"turns":7},{"damage":11,"enemies":"3 Sentries","floor":13,"turns":9},{"damage":0,"enemies":"Blue Slaver","floor":14,"turns":3},{"damage":16,"enemies":"Slime Boss","floor":16,"turns":10},{"damage":8,"enemies":"Chosen","floor":18,"turns":6},{"damage":26,"enemies":"2 Thieves","floor":19,"turns":4},{"damage":31,"enemies":"Chosen and Byrds","floor":21,"turns":5},{"damage":12,"enemies":"Snake Plant","floor":27,"turns":3},{"damage":16,"enemies":"Slavers","floor":30,"turns":6},{"damage":52,"enemies":"Automaton","floor":33,"turns":11},{"damage":16,"enemies":"Orb Walker","floor":35,"turns":4},{"damage":22,"enemies":"3 Darklings","floor":38,"turns":5},{"damage":4,"enemies":"Transient","floor":39,"turns":5},{"damage":36,"enemies":"Reptomancer","floor":41,"turns":6},{"damage":12,"enemies":"Spire Growth","floor":46,"turns":3},{"damage":8,"enemies":"Sphere and 2 Shapes","floor":48,"turns":5},{"damage":64,"enemies":"Time Eater","floor":50,"turns":8}],"seed_played":"2850278133207611293","potions_obtained":[{"floor":2,"key":"SpeedPotion"},{"floor":3,"key":"LiquidBronze"},{"floor":4,"key":"Energy Potion"},{"floor":8,"key":"BlessingOfTheForge"},{"floor":13,"key":"Dexterity Potion"},{"floor":19,"key":"SteroidPotion"},{"floor":30,"key":"Explosive Potion"},{"floor":38,"key":"Swift Potion"},{"floor":41,"key":"ElixirPotion"},{"floor":48,"key":"SteroidPotion"}],"is_trial":false,"path_per_floor":["M","M","M","M","$","E","R","M","T","R","E","?","E","M","R","B",null,"M","M","?","M","$","R","?","R","T","M","R","?","E","?","R","B",null,"M","$","?","M","M","R","E","$","T","R","T","M","$","M","R","B",null],"character_chosen":"IRONCLAD","items_purchased":["Membership Card","Happy Flower","Bronze Scales","Unceasing Top","Metallicize","Orrery","LiquidBronze","Inflame"],"campfire_rested":0,"item_purchase_floors":[5,22,22,36,36,42,42,47],"current_hp_per_floor":[76,80,80,78,80,68,68,65,65,65,45,45,54,60,60,50,83,83,63,63,38,53,53,53,53,53,47,47,47,39,39,39,47,87,79,94,94,78,82,82,54,75,75,75,75,69,84,84,84,26],"gold":44,"neow_bonus":"RANDOM_COMMON_RELIC","is_prod":false,"is_daily":false,"chose_seed":false,"campfire_upgraded":10,"win_rate":0,"timestamp":1692412194,"path_taken":["M","M","?","?","$","E","R","M","T","R","E","?","E","?","R","BOSS","M","M","?","?","?","R","?","R","T","M","R","?","E","?","R","BOSS","M","$","?","M","M","R","E","$","T","R","?","M","?","?","R","BOSS"],"build_version":"2022-12-18","purchased_purges":3,"victory":true,"max_hp_per_floor":[80,80,80,80,80,80,80,80,80,80,80,80,94,94,94,94,94,96,96,96,96,96,96,96,96,96,96,96,96,98,98,98,100,100,102,102,97,97,99,99,101,107,107,107,107,107,107,109,109,109],"card_choices":[{"not_picked":["Thunderclap","Clothesline"],"picked":"Twin Strike","floor":1},{"not_picked":["Blood for Blood","Dual Wield"],"picked":"Armaments","floor":2},{"not_picked":["Thunderclap","Entrench"],"picked":"Hemokinesis","floor":3},{"not_picked":["Flex","Sever Soul"],"picked":"Inflame","floor":4},{"not_picked":["Pommel Strike","Wild Strike","Heavy Blade"],"picked":"SKIP","floor":6},{"not_picked":["Sever Soul","Wild Strike","Heavy Blade"],"picked":"SKIP","floor":8},{"not_picked":["Flame Barrier","Body Slam"],"picked":"Ghostly Armor","floor":11},{"not_picked":["Clash","Wild Strike"],"picked":"Spot Weakness","floor":13},{"not_picked":["Rage","Clothesline"],"picked":"Inflame","floor":14},{"not_picked":["Immolate","Demon Form"],"picked":"Offering","floor":16},{"not_picked":["Thunderclap+1","Second Wind","Anger+1"],"picked":"Singing Bowl","floor":18},{"not_picked":["Cleave","Carnage+1"],"picked":"Power Through+1","floor":19},{"not_picked":["Bloodletting","Sentinel"],"picked":"Metallicize","floor":21},{"not_picked":["Fire Breathing","Havoc+1"],"picked":"Ghostly Armor","floor":27},{"not_picked":["Shockwave","Pommel Strike","Cleave"],"picked":"Singing Bowl","floor":30},{"not_picked":["Immolate","Demon Form","Corruption"],"picked":"Singing Bowl","floor":33},{"not_picked":["Cleave"],"picked":"Singing Bowl","floor":35},{"not_picked":[],"picked":"Anger+1","floor":38},{"not_picked":["Rampage"],"picked":"Singing Bowl","floor":39},{"not_picked":["Iron Wave+1"],"picked":"Singing Bowl","floor":41},{"not_picked":["Cleave"],"picked":"Singing Bowl","floor":42},{"not_picked":["True Grit"],"picked":"Singing Bowl","floor":42},{"not_picked":[],"picked":"Cleave+1","floor":42},{"not_picked":["Thunderclap"],"picked":"Singing Bowl","floor":42},{"not_picked":[],"picked":"Heavy Blade","floor":42},{"not_picked":[],"picked":"Ghostly Armor+1","floor":46},{"not_picked":["Cleave+1"],"picked":"Singing Bowl","floor":48}],"player_experience":287891,"relics_obtained":[{"floor":6,"key":"Lizard Tail"},{"floor":9,"key":"Singing Bowl"},{"floor":11,"key":"War Paint"},{"floor":13,"key":"Mango"},{"floor":26,"key":"Centennial Puzzle"},{"floor":30,"key":"Letter Opener"},{"floor":41,"key":"Mummified Hand"},{"floor":43,"key":"Red Skull"},{"floor":45,"key":"Vajra"}],"event_choices":[{"damage_healed":0,"gold_gain":100,"player_choice":"Pray","damage_taken":0,"max_hp_gain":0,"max_hp_loss":0,"event_name":"Golden Shrine","floor":12,"gold_loss":0},{"damage_healed":0,"gold_gain":100,"player_choice":"Pray","damage_taken":0,"max_hp_gain":0,"max_hp_loss":0,"event_name":"Golden Shrine","floor":20,"gold_loss":0},{"damage_healed":0,"gold_gain":0,"player_choice":"Obtained Relic","damage_taken":0,"relics_obtained":["Pen Nib"],"max_hp_gain":0,"max_hp_loss":0,"event_name":"Addict","floor":24,"gold_loss":85},{"damage_healed":0,"gold_gain":0,"player_choice":"Ignored","damage_taken":0,"max_hp_gain":0,"max_hp_loss":0,"event_name":"Cursed Tome","floor":29,"gold_loss":0},{"damage_healed":0,"gold_gain":0,"player_choice":"Ignored","damage_taken":0,"max_hp_gain":0,"max_hp_loss":0,"event_name":"The Mausoleum","floor":31,"gold_loss":0},{"damage_healed":0,"gold_gain":0,"player_choice":"Max HP","damage_taken":0,"max_hp_gain":0,"max_hp_loss":5,"event_name":"Winding Halls","floor":37,"gold_loss":0}],"is_beta":false,"boss_relics":[{"not_picked":["Coffee Dripper","Cursed Key"],"picked":"Philosopher\u0027s Stone"},{"not_picked":["Black Star","SacredBark"],"picked":"Busted Crown"}],"items_purged_floors":[22,36,42],"is_endless":false,"potions_floor_spawned":[2,3,4,8,13,19,30,38,41,48],"ascension_level":5}