{"gold_per_floor":[113,126,51,51,51,51,70,70,70,85,85,120,134,134,134,262,262,280,379,404,85,104,142,142,180,180,193,93,93,134,134,134,264,264,282,282,157,177,27,62,62,77,100,100,120,141,181,181,181,181],"floor_reached":51,"playtime":1874,"items_purged":["Strike_R","Strike_R","Defend_R","Strike_R"],"score":1046,"play_id":"b6ac5210-a534-4e5a-8e5a-10a1f990104f","local_time":"20230820195452","is_ascension_mode":true,"campfire_choices":[{"data":"Iron Wave","floor":6,"key":"SMITH"},{"data":"Bash","floor":8,"key":"SMITH"},{"floor":15,"key":"REST"},{"data":"Apotheosis","floor":24,"key":"SMITH"},{"floor":29,"key":"REST"},{"floor":32,"key":"REST"},{"data":"Offering","floor":41,"key":"SMITH"},{"floor":44,"key":"REST"},{"floor":49,"key":"REST"}],"neow_cost":"NONE","seed_source_timestamp":1015848365499300,"circlet_count":0,"master_deck":["Defend_R+1","Defend_R+1","Defend_R","Bash+1","Intimidate","Iron Wave+1","Sword Boomerang+1","Sword Boomerang+1","Limit Break","Spot Weakness","Apotheosis+1","Ghostly Armor+1","Seeing Red","Offering+1","Ghostly Armor","Clothesline+1","Inflame+1"],"relics":["Burning Blood","Vajra","Molten Egg 2","Golden Idol","Ancient Tea Set","Runic Pyramid","Oddly Smooth Stone","Mummified Hand","Sundial","HornCleat","Paper Frog","Mercury Hourglass","Busted Crown","Unceasing Top","MealTicket","PreservedInsect"],"potions_floor_usage":[12,16,25,25,47,50],"damage_taken":[{"damage":11,"enemies":"2 Louse","floor":1,"turns":3},{"damage":1,"enemies":"Jaw Worm","floor":2,"turns":5},{"damage":0,"enemies":"Small Slimes","floor":7,"turns":4},{"damage":2,"enemies":"2 Fungi Beasts","floor":10,"turns":5},{"damage":8,"enemies":"Gremlin Nob","floor":12,"turns":3},{"damage":17,"enemies":"Exordium Thugs","floor":13,"turns":6},{"damage":31,"enemies":"Slime Boss","floor":16,"turns":14},{"damage":2,"enemies":"3 Byrds","floor":18,"turns":5},{"damage":3,"enemies":"Chosen","floor":20,"turns":3},{"damage":3,"enemies":"Centurion and Healer","floor":22,"turns":5},{"damage":33,"enemies":"Book of Stabbing","floor":23,"turns":5},{"damage":27,"enemies":"Gremlin Leader","floor":25,"turns":5},{"damage":6,"enemies":"Snake Plant","floor":27,"turns":6},{"damage":26,"enemies":"Slavers","floor":30,"turns":7},{"damage":29,"enemies":"Collector","floor":33,"turns":6},{"damage":6,"enemies":"3 Shapes","floor":35,"turns":3},{"damage":6,"enemies":"3 Darklings","floor":38,"turns":4},{"damage":6,"enemies":"Nemesis","floor":40,"turns":3},{"damage":31,"enemies":"Maw","floor":42,"turns":6},{"damage":6,"enemies":"Spire Growth","floor":45,"turns":3},{"damage":6,"enemies":"4 Shapes","floor":46,"turns":3},{"damage":17,"enemies":"Reptomancer","floor":47,"turns":4},{"damage":9,"enemies":"Time Eater","floor":50,"turns":4}],"seed_played":"8493645914498849668","potions_obtained":[{"floor":1,"key":"PowerPotion"},{"floor":12,"key":"SpeedPotion"},{"floor":16,"key":"BlessingOfTheForge"},{"floor":18,"key":"AttackPotion"},{"floor":23,"key":"Dexterity Potion"},{"floor":40,"key":"SpeedPotion"},{"floor":45,"key":"PowerPotion"},{"floor":47,"key":"Weak Potion"}],"is_trial":false,"path_per_floor":["M","M","$","?","?","R","M","R","T","M","?","E","M","?","R","B",null,"M","?","M","$","M","E","R","E","T","M","$","R","E","T","R","B",null,"M","?","$","M","$","E","R","M","T","R","M","M","E","?","R","B",null],"character_chosen":"IRONCLAD","items_purchased":["Oddly Smooth Stone","Apotheosis"],"campfire_rested":5,"item_purchase_floors":[21,21],"current_hp_per_floor":[67,72,72,60,44,44,50,50,50,54,34,32,21,21,45,20,65,69,69,72,72,75,48,48,27,27,27,27,51,31,31,55,32,68,68,68,68,68,68,68,68,43,43,67,67,67,56,56,80,77],"gold":181,"neow_bonus":"REMOVE_CARD","is_prod":false,"is_daily":false,"chose_seed":false,"campfire_upgraded":4,"win_rate":0,"timestamp":1692586492,"path_taken":["M","M","$","?","?","R","M","R","T","M","?","E","M","?","R","BOSS","M","?","M","$","M","E","R","E","T","M","$","R","E","?","R","BOSS","M","?","$","M","$","E","R","M","T","R","M","M","E","?","R","BOSS"],"build_version":"2022-12-18","purchased_purges":4,"victory":true,"max_hp_per_floor":[80,80,80,80,80,80,80,80,80,80,80,80,80,80,80,80,80,80,80,80,80,80,80,80,80,80,80,80,80,80,80,80,80,80,80,80,80,80,80,80,80,80,80,80,80,80,80,80,80,80],"card_choices":[{"not_picked":["Headbutt","Wild Strike"],"picked":"Intimidate","floor":1},{"not_picked":["Thunderclap","Perfected Strike"],"picked":"Iron Wave","floor":2},{"not_picked":["Carnage","Thunderclap","Heavy Blade"],"picked":"SKIP","floor":7},{"not_picked":["Twin Strike+1","Bloodletting"],"picked":"Sword Boomerang+1","floor":10},{"not_picked":["Bludgeon+1","Carnage+1","Anger+1"],"picked":"SKIP","floor":12},{"not_picked":["Thunderclap+1","Perfected Strike+1"],"picked":"Sword Boomerang+1","floor":13},{"not_picked":["Fiend Fire+1","Corruption"],"picked":"Limit Break","floor":16},{"not_picked":["Iron Wave+1","Shockwave"],"picked":"Spot Weakness","floor":18},{"not_picked":["True Grit+1","Anger+1","Cleave+1"],"picked":"SKIP","floor":20},{"not_picked":["Armaments","Twin Strike+1"],"picked":"Ghostly Armor+1","floor":22},{"not_picked":["Heavy Blade+1","Headbutt+1","Warcry"],"picked":"SKIP","floor":23},{"not_picked":["Body Slam+1","Sword Boomerang+1","Immolate+1"],"picked":"SKIP","floor":25},{"not_picked":["Disarm","Anger+1","Heavy Blade+1"],"picked":"SKIP","floor":27},{"not_picked":["Evolve","Intimidate"],"picked":"Seeing Red","floor":30},{"not_picked":["Limit Break","Exhume"],"picked":"Offering","floor":33},{"not_picked":[],"picked":"Ghostly Armor","floor":35},{"not_picked":[],"picked":"Clothesline+1","floor":38},{"not_picked":["Anger+1"],"picked":"SKIP","floor":40},{"not_picked":[],"picked":"Inflame+1","floor":42},{"not_picked":["True Grit+1"],"picked":"SKIP","floor":45},{"not_picked":["Intimidate"],"picked":"SKIP","floor":46},{"not_picked":["Pommel Strike+1"],"picked":"SKIP","floor":47}],"player_experience":332215,"relics_obtained":[{"floor":9,"key":"Molten Egg 2"},{"floor":12,"key":"Ancient Tea Set"},{"floor":23,"key":"Mummified Hand"},{"floor":25,"key":"Sundial"},{"floor":26,"key":"HornCleat"},{"floor":30,"key":"Paper Frog"},{"floor":31,"key":"Mercury Hourglass"},{"floor":40,"key":"Unceasing Top"},{"floor":43,"key":"MealTicket"},{"floor":47,"key":"PreservedInsect"}],"event_choices":[{"damage_healed":0,"gold_gain":0,"player_choice":"Success","damage_taken":12,"relics_obtained":["Vajra"],"max_hp_gain":0,"max_hp_loss":0,"event_name":"Scrap Ooze","floor":4,"gold_loss":0},{"damage_healed":0,"gold_gain":0,"player_choice":"Entered Light","damage_taken":16,"max_hp_gain":0,"max_hp_loss":0,"event_name":"Shining Light","floor":5,"gold_loss":0,"cards_upgraded":["Defend_R","Defend_R"]},{"damage_healed":0,"gold_gain":0,"player_choice":"Take Damage","damage_taken":20,"relics_obtained":["Golden Idol"],"max_hp_gain":0,"max_hp_loss":0,"event_name":"Golden Idol","floor":11,"gold_loss":0},{"cards_removed":["Strike_R"],"damage_healed":0,"gold_gain":0,"player_choice":"Purged","damage_taken":0,"max_hp_gain":0,"max_hp_loss":0,"event_name":"Purifier","floor":14,"gold_loss":0},{"damage_healed":0,"gold_gain":99,"player_choice":"Stole From Cult","damage_taken":0,"max_hp_gain":0,"max_hp_loss":0,"event_name":"Nest","floor":19,"gold_loss":0},{"damage_healed":0,"gold_gain":0,"player_choice":"Ignored","damage_taken":0,"max_hp_gain":0,"max_hp_loss":0,"event_name":"Tomb of Lord Red Mask","floor":36,"gold_loss":0},{"damage_healed":0,"gold_gain":0,"player_choice":"Memory 1","damage_taken":0,"max_hp_gain":0,"max_hp_loss":0,"event_name":"SensoryStone","floor":48,"gold_loss":0}],"is_beta":false,"boss_relics":[{"not_picked":["Cursed Key","SacredBark"],"picked":"Runic Pyramid"},{"not_picked":["Black Blood","Fusion Hammer"],"picked":"Busted Crown"}],"items_purged_floors":[3,28,37,39],"is_endless":false,"potions_floor_spawned":[1,12,16,18,23,40,45,47],"ascension_level":7}