{"gold_per_floor":[19,19,94,94,113,113,142,155,155,155,80,97,97,114,114,216,216,230,155,155,168,23,23,39,39,65,65,99,99,199,233,233,338,338,354,354,92,111,131,160,160,160,160,173,200,211,238,252,252,252,252,252,32,32,32],"floor_reached":56,"playtime":3389,"items_purged":["Strike_R"],"score":1633,"play_id":"ae893a46-bfed-4078-aad1-c721717d4a0a","local_time":"20230817215721","is_ascension_mode":true,"campfire_choices":[{"data":"Rampage","floor":6,"key":"SMITH"},{"data":"Ghostly Armor","floor":10,"key":"SMITH"},{"data":"Shrug It Off","floor":13,"key":"SMITH"},{"data":"Defend_R","floor":15,"key":"PURGE"},{"data":"Strike_R","floor":23,"key":"PURGE"},{"data":"Defend_R","floor":25,"key":"PURGE"},{"data":"Defend_R","floor":27,"key":"PURGE"},{"data":"Defend_R","floor":29,"key":"PURGE"},{"data":"Bash","floor":32,"key":"PURGE"},{"floor":41,"key":"RECALL"},{"data":"Double Tap","floor":49,"key":"SMITH"},{"floor":52,"key":"REST"}],"neow_cost":"NO_GOLD","seed_source_timestamp":762450398994100,"circlet_count":0,"master_deck":["Rampage+1","Ghostly Armor+1","Shrug It Off+1","Double Tap+1","Intimidate+1","Body Slam+1","Metallicize+1"],"relics":["Burning Blood","Peace Pipe","Charon\u0027s Ashes","Black Star","Medical Kit","CeramicFish","PreservedInsect","Lantern","Turnip","Frozen Egg 2","Shuriken","Anchor","SlaversCollar","Kunai","Centennial Puzzle","Vajra","Art of War","Bronze Scales","Toxic Egg 2","Bottled Lightning","Oddly Smooth Stone"],"potions_floor_usage":[28,28,54,55,55],"damage_taken":[{"damage":5,"enemies":"Cultist","floor":1,"turns":4},{"damage":2,"enemies":"Jaw Worm","floor":5,"turns":5},{"damage":25,"enemies":"Lagavulin","floor":7,"turns":9},{"damage":0,"enemies":"Small Slimes","floor":8,"turns":6},{"damage":0,"enemies":"Red Slaver","floor":12,"turns":5},{"damage":0,"enemies":"Lots of Slimes","floor":14,"turns":6},{"damage":40,"enemies":"The Guardian","floor":16,"turns":10},{"damage":7,"enemies":"Spheric Guardian","floor":18,"turns":4},{"damage":10,"enemies":"2 Thieves","floor":19,"turns":5},{"damage":19,"enemies":"Snake Plant","floor":21,"turns":4},{"damage":10,"enemies":"Shelled Parasite and Fungi","floor":24,"turns":5},{"damage":13,"enemies":"Slavers","floor":28,"turns":8},{"damage":0,"enemies":"Colosseum Slavers","floor":30,"turns":3},{"damage":0,"enemies":"Colosseum Nobs","floor":30,"turns":3},{"damage":0,"enemies":"Gremlin Leader","floor":31,"turns":5},{"damage":10,"enemies":"Collector","floor":33,"turns":5},{"damage":0,"enemies":"3 Shapes","floor":35,"turns":3},{"damage":0,"enemies":"3 Darklings","floor":38,"turns":4},{"damage":0,"enemies":"Jaw Worm Horde","floor":39,"turns":3},{"damage":0,"enemies":"Nemesis","floor":40,"turns":3},{"damage":8,"enemies":"Maw","floor":44,"turns":4},{"damage":0,"enemies":"Reptomancer","floor":45,"turns":3},{"damage":0,"enemies":"3 Darklings","floor":46,"turns":3},{"damage":0,"enemies":"Giant Head","floor":47,"turns":4},{"damage":0,"enemies":"Sphere and 2 Shapes","floor":48,"turns":3},{"damage":4,"enemies":"Donu and Deca","floor":50,"turns":5},{"damage":0,"enemies":"Shield and Spear","floor":54,"turns":2},{"damage":55,"enemies":"The Heart","floor":55,"turns":7}],"seed_played":"1862498284450062915","potions_obtained":[{"floor":1,"key":"ColorlessPotion"},{"floor":4,"key":"DistilledChaos"},{"floor":5,"key":"ColorlessPotion"},{"floor":8,"key":"Block Potion"},{"floor":18,"key":"CultistPotion"},{"floor":30,"key":"Dexterity Potion"},{"floor":31,"key":"Swift Potion"},{"floor":35,"key":"SmokeBomb"}],"is_trial":false,"path_per_floor":["M","?","?","?","M","R","E","M","T","R","$","M","R","M","R","B",null,"M","M","?","M","$","R","M","R","T","R","E","R","?","E","R","B",null,"M","?","$","M","M","E","R","?","T","M","E","M","E","M","R","B",null,"R","$","E","B",null],"character_chosen":"IRONCLAD","items_purchased":["Medical Kit","Kunai","Oddly Smooth Stone","Metallicize+1"],"campfire_rested":1,"item_purchase_floors":[22,37,53,53],"current_hp_per_floor":[80,80,69,69,73,73,54,60,60,60,60,66,66,72,72,38,80,79,75,75,62,62,62,58,58,58,58,51,51,63,69,69,65,80,80,77,77,80,80,80,80,80,80,78,80,80,80,80,80,80,80,80,80,80,31],"gold":32,"neow_bonus":"REMOVE_TWO","is_prod":false,"is_daily":false,"chose_seed":false,"campfire_upgraded":4,"win_rate":0,"timestamp":1692334641,"path_taken":["M","?","?","?","M","R","E","?","T","R","$","?","R","M","R","BOSS","M","M","?","M","$","R","M","R","T","R","E","R","?","E","R","BOSS","M","?","$","M","?","E","R","?","T","?","E","M","E","M","R","BOSS","R","$","E","BOSS"],"build_version":"2022-12-18","purchased_purges":1,"victory":true,"max_hp_per_floor":[80,80,80,80,80,80,80,80,80,80,80,80,80,80,80,80,80,80,80,80,80,80,80,80,80,80,80,80,80,80,80,80,80,80,80,80,80,80,80,80,80,80,80,80,80,80,80,80,80,80,80,80,80,80,80],"card_choices":[{"not_picked":["Flex","Shrug It Off"],"picked":"Rampage","floor":1},{"not_picked":["Combust","Intimidate"],"picked":"Ghostly Armor","floor":5},{"not_picked":["Blood for Blood","Heavy Blade","Bludgeon"],"picked":"SKIP","floor":7},{"not_picked":["True Grit","Shockwave","Armaments"],"picked":"SKIP","floor":8},{"not_picked":["Armaments","Headbutt"],"picked":"Shrug It Off","floor":12},{"not_picked":["Body Slam","Headbutt","Twin Strike"],"picked":"SKIP","floor":14},{"not_picked":["Berserk","Demon Form"],"picked":"Double Tap","floor":16},{"not_picked":["Headbutt","Pummel+1","Dual Wield"],"picked":"SKIP","floor":18},{"not_picked":["Rage","Headbutt","Wild Strike"],"picked":"SKIP","floor":19},{"not_picked":["Thunderclap","Feel No Pain","Anger"],"picked":"SKIP","floor":21},{"not_picked":["Reckless Charge","Combust"],"picked":"Intimidate+1","floor":24},{"not_picked":["Sword Boomerang","Perfected Strike","Fiend Fire"],"picked":"SKIP","floor":28},{"not_picked":["Pommel Strike","Iron Wave"],"picked":"Body Slam+1","floor":31},{"not_picked":["Burning Pact+1","Shrug It Off+1","Entrench+1"],"picked":"SKIP","floor":35},{"not_picked":["Pommel Strike+1","Sword Boomerang+1","Seeing Red+1"],"picked":"SKIP","floor":38},{"not_picked":["Body Slam+1","Shrug It Off+1","Flex"],"picked":"SKIP","floor":39},{"not_picked":["Thunderclap+1","Feel No Pain+1","Sword Boomerang+1"],"picked":"SKIP","floor":40},{"not_picked":["Thunderclap+1","Dual Wield","Intimidate"],"picked":"SKIP","floor":44},{"not_picked":["Pommel Strike+1","Wild Strike","Clash+1"],"picked":"SKIP","floor":45},{"not_picked":["Hemokinesis+1","Wild Strike+1","Cleave"],"picked":"SKIP","floor":46},{"not_picked":["Clothesline+1","Seeing Red+1","True Grit+1"],"picked":"SKIP","floor":47},{"not_picked":["Brutality+1","True Grit+1","Second Wind+1"],"picked":"SKIP","floor":48}],"player_experience":280138,"relics_obtained":[{"floor":7,"key":"Peace Pipe"},{"floor":9,"key":"Charon\u0027s Ashes"},{"floor":26,"key":"CeramicFish"},{"floor":28,"key":"PreservedInsect"},{"floor":28,"key":"Lantern"},{"floor":30,"key":"Turnip"},{"floor":30,"key":"Frozen Egg 2"},{"floor":31,"key":"Shuriken"},{"floor":31,"key":"Anchor"},{"floor":40,"key":"Centennial Puzzle"},{"floor":40,"key":"Vajra"},{"floor":45,"key":"Art of War"},{"floor":45,"key":"Bronze Scales"},{"floor":47,"key":"Toxic Egg 2"},{"floor":47,"key":"Bottled Lightning"}],"event_choices":[{"cards_removed":["Strike_R"],"damage_healed":0,"gold_gain":0,"player_choice":"Forget","damage_taken":0,"max_hp_gain":0,"max_hp_loss":0,"event_name":"Living Wall","floor":2,"gold_loss":0},{"damage_healed":0,"gold_gain":75,"player_choice":"Gather Gold","damage_taken":11,"max_hp_gain":0,"max_hp_loss":0,"event_name":"World of Goop","floor":3,"gold_loss":0},{"damage_healed":0,"gold_gain":0,"player_choice":"Got Potions","damage_taken":0,"max_hp_gain":0,"max_hp_loss":0,"event_name":"Lab","floor":4,"gold_loss":0},{"damage_healed":0,"gold_gain":0,"player_choice":"Ignored","damage_taken":0,"max_hp_gain":0,"max_hp_loss":0,"event_name":"Ghosts","floor":20,"gold_loss":0},{"damage_healed":0,"gold_gain":0,"player_choice":"Fight","damage_taken":0,"max_hp_gain":0,"max_hp_loss":0,"event_name":"Colosseum","floor":30,"gold_loss":0},{"damage_healed":0,"gold_gain":0,"player_choice":"Fought Nobs","damage_taken":0,"max_hp_gain":0,"max_hp_loss":0,"event_name":"Colosseum","floor":30,"gold_loss":0},{"damage_healed":0,"gold_gain":0,"player_choice":"Punched","damage_taken":3,"max_hp_gain":0,"max_hp_loss":0,"event_name":"Designer","floor":36,"gold_loss":0},{"damage_healed":0,"gold_gain":0,"player_choice":"Ignored","damage_taken":0,"max_hp_gain":0,"max_hp_loss":0,"event_name":"SecretPortal","floor":42,"gold_loss":0}],"is_beta":false,"boss_relics":[{"not_picked":["Snecko Eye","Calling Bell"],"picked":"Black Star"},{"not_picked":["Runic Dome","Sozu"],"picked":"SlaversCollar"}],"items_purged_floors":[11],"is_endless":false,"potions_floor_spawned":[1,5,8,14,18,21,30,30,31,35,44,45,46,48,54],"ascension_level":4}