{"gold_per_floor":[110,125,50,62,77,77,94,111,111,91,91,45,45,64,64,137,137,154,154,0,50,67,67,84,95,95,114,114],"floor_reached":28,"playtime":1038,"items_purged":[],"score":378,"play_id":"f2507b0e-8886-425a-8daa-2523cfad7e01","local_time":"20230903003323","is_ascension_mode":true,"campfire_choices":[{"data":"Carnage","floor":6,"key":"SMITH"},{"data":"Inflame","floor":11,"key":"SMITH"},{"data":"Armaments","floor":15,"key":"SMITH"},{"data":"Barricade","floor":23,"key":"SMITH"}],"neow_cost":"NONE","seed_source_timestamp":2156649813639400,"circlet_count":0,"master_deck":["AscendersBane","Strike_R","Strike_R","Strike_R","Strike_R","Defend_R","Defend_R","Defend_R","Defend_R","Bash","Inflame+1","Flex","Shrug It Off","Carnage+1","Rage","Ghostly Armor","Armaments+1","Barricade+1","Offering","Iron Wave+1","Ghostly Armor","True Grit","Body Slam"],"relics":["Burning Blood","Sundial","SlaversCollar","Membership Card","Frozen Egg 2"],"potions_floor_usage":[13,22,27,28],"damage_taken":[{"damage":13,"enemies":"Cultist","floor":1,"turns":6},{"damage":5,"enemies":"Small Slimes","floor":2,"turns":3},{"damage":2,"enemies":"2 Louse","floor":4,"turns":3},{"damage":9,"enemies":"Red Slaver","floor":5,"turns":5},{"damage":6,"enemies":"Large Slime","floor":7,"turns":4},{"damage":17,"enemies":"Gremlin Gang","floor":8,"turns":7},{"damage":5,"enemies":"Lots of Slimes","floor":13,"turns":2},{"damage":11,"enemies":"Exordium Thugs","floor":14,"turns":4},{"damage":36,"enemies":"The Guardian","floor":16,"turns":12},{"damage":20,"enemies":"2 Thieves","floor":18,"turns":5},{"damage":13,"enemies":"Spheric Guardian","floor":22,"turns":4},{"damage":31,"enemies":"Shelled Parasite and Fungi","floor":24,"turns":12},{"damage":30,"enemies":"Sentry and Sphere","floor":25,"turns":12},{"damage":38,"enemies":"Snake Plant","floor":27,"turns":5},{"damage":24,"enemies":"Centurion and Healer","floor":28,"turns":3}],"seed_played":"5528428614715392657","potions_obtained":[{"floor":1,"key":"SteroidPotion"},{"floor":5,"key":"SmokeBomb"},{"floor":8,"key":"BloodPotion"},{"floor":16,"key":"Ancient Potion"},{"floor":22,"key":"BloodPotion"},{"floor":27,"key":"Swift Potion"}],"is_trial":false,"path_per_floor":["M","M","?","M","M","R","M","M","T","?","R","$","M","M","R","B",null,"M","?","$","?","M","R","M","M","T","M","M"],"character_chosen":"IRONCLAD","items_purchased":["Armaments","Membership Card"],"campfire_rested":0,"item_purchase_floors":[12,20],"current_hp_per_floor":[68,69,69,73,70,70,70,59,59,59,59,59,60,55,55,25,68,54,70,70,70,79,79,54,30,30,14,0],"gold":114,"neow_bonus":"TEN_PERCENT_HP_BONUS","is_prod":false,"is_daily":false,"chose_seed":false,"campfire_upgraded":4,"win_rate":0,"timestamp":1693726403,"path_taken":["M","?","?","M","M","R","M","M","T","?","R","$","M","M","R","BOSS","M","?","$","?","M","R","M","M","T","M","?"],"build_version":"2022-12-18","purchased_purges":0,"victory":false,"max_hp_per_floor":[82,82,82,82,82,82,82,82,82,82,82,82,82,82,82,82,82,82,82,82,82,82,82,82,82,82,82,82],"card_choices":[{"not_picked":["Shockwave","Cleave"],"picked":"Inflame","floor":1},{"not_picked":["Dark Embrace","Rupture"],"picked":"Flex","floor":2},{"not_picked":["Anger","Perfected Strike"],"picked":"Shrug It Off","floor":4},{"not_picked":["Spot Weakness","Clothesline"],"picked":"Carnage","floor":5},{"not_picked":["Headbutt","Sentinel"],"picked":"Rage","floor":7},{"not_picked":["Shockwave","Pummel"],"picked":"Ghostly Armor","floor":8},{"not_picked":["Perfected Strike","Carnage"],"picked":"Barricade","floor":14},{"not_picked":["Double Tap","Corruption"],"picked":"Offering","floor":16},{"not_picked":["Cleave","Sever Soul"],"picked":"Iron Wave+1","floor":18},{"not_picked":["Seeing Red+1","Clothesline"],"picked":"Ghostly Armor","floor":22},{"not_picked":["Anger","Dual Wield","Shrug It Off"],"picked":"SKIP","floor":24},{"not_picked":["Body Slam","Rupture"],"picked":"True Grit","floor":25},{"not_picked":["Burning Pact","Shrug It Off+1"],"picked":"Body Slam","floor":27}],"player_experience":459674,"relics_obtained":[{"floor":9,"key":"Sundial"},{"floor":26,"key":"Frozen Egg 2"}],"event_choices":[{"cards_removed":["Strike_R"],"damage_healed":0,"gold_gain":0,"player_choice":"Card Removal","damage_taken":0,"max_hp_gain":0,"max_hp_loss":0,"event_name":"The Cleric","floor":3,"gold_loss":75},{"damage_healed":0,"gold_gain":0,"player_choice":"Bought 1 Potion","damage_taken":0,"max_hp_gain":0,"max_hp_loss":0,"event_name":"The Woman in Blue","floor":10,"gold_loss":0},{"damage_healed":16,"gold_gain":0,"player_choice":"Heal","damage_taken":0,"max_hp_gain":0,"max_hp_loss":0,"event_name":"The Library","floor":19,"gold_loss":0},{"damage_healed":0,"gold_gain":50,"player_choice":"Pray","damage_taken":0,"max_hp_gain":0,"max_hp_loss":0,"event_name":"Golden Shrine","floor":21,"gold_loss":0}],"is_beta":false,"boss_relics":[{"not_picked":["Tiny House","Calling Bell"],"picked":"SlaversCollar"}],"items_purged_floors":[],"is_endless":false,"potions_floor_spawned":[1,5,8,13,16,22,27],"killed_by":"Centurion and Healer","ascension_level":15}