{"gold_per_floor":[360,25,25,39,54,54,129,160,160,173,173,190,190,208,208,279,279,290,302,318,318,318,318,335,335,335,435,452,479,26,26,26,98,98,108,108,1107,1107,408,408,408,418,418,444,460,28,43,53,53,53],"floor_reached":51,"playtime":2366,"items_purged":["Writhe","Normality","Normality"],"score":1339,"play_id":"39888b40-4f45-4a5d-9973-40e8647f2cbd","local_time":"20230903014907","is_ascension_mode":true,"campfire_choices":[{"data":"Armaments","floor":6,"key":"SMITH"},{"data":"Cleave","floor":11,"key":"SMITH"},{"data":"Bash","floor":13,"key":"SMITH"},{"data":"Armaments","floor":15,"key":"SMITH"},{"floor":23,"key":"REST"},{"floor":32,"key":"REST"},{"floor":40,"key":"REST"},{"floor":49,"key":"REST"}],"neow_cost":"CURSE","seed_source_timestamp":2159857169928100,"circlet_count":0,"master_deck":["AscendersBane","Strike_R+1","Strike_R+1","Strike_R+1","Strike_R+1","Defend_R+1","Defend_R+1","Defend_R+1","Defend_R+1","Bash+1","Cleave+1","Armaments+1","Battle Trance","Flex","Twin Strike+1","Sword Boomerang+1","Hemokinesis+1","Armaments+1","Offering","True Grit","Metallicize","Ghostly Armor","Warcry","Warcry","Clothesline+1","Shrug It Off+1","Reaper+1","Ghostly Armor+1","Trip+1","Body Slam+1","Shrug It Off+1","Spot Weakness+1","Metallicize+1"],"relics":["Burning Blood","Bag of Preparation","Mercury Hourglass","Molten Egg 2","Potion Belt","Fusion Hammer","Enchiridion","Torii","Pocketwatch","HornCleat","Bronze Scales","Oddly Smooth Stone","Toxic Egg 2","Red Skull","Mark of Pain","Kunai","White Beast Statue","Mummified Hand","Frozen Egg 2","Strawberry"],"potions_floor_usage":[20,27,27,29,33,45,50,50,50],"damage_taken":[{"damage":5,"enemies":"2 Louse","floor":1,"turns":3},{"damage":0,"enemies":"Small Slimes","floor":4,"turns":3},{"damage":2,"enemies":"Jaw Worm","floor":5,"turns":3},{"damage":20,"enemies":"Gremlin Nob","floor":8,"turns":4},{"damage":2,"enemies":"2 Fungi Beasts","floor":10,"turns":3},{"damage":0,"enemies":"Large Slime","floor":12,"turns":4},{"damage":11,"enemies":"Looter","floor":14,"turns":3},{"damage":28,"enemies":"Slime Boss","floor":16,"turns":7},{"damage":11,"enemies":"Spheric Guardian","floor":18,"turns":3},{"damage":8,"enemies":"Chosen","floor":19,"turns":3},{"damage":10,"enemies":"Centurion and Healer","floor":20,"turns":4},{"damage":8,"enemies":"Snake Plant","floor":24,"turns":3},{"damage":3,"enemies":"Colosseum Slavers","floor":27,"turns":3},{"damage":14,"enemies":"Colosseum Nobs","floor":27,"turns":3},{"damage":12,"enemies":"Shelled Parasite and Fungi","floor":28,"turns":4},{"damage":26,"enemies":"Gremlin Leader","floor":29,"turns":6},{"damage":43,"enemies":"Automaton","floor":33,"turns":10},{"damage":16,"enemies":"3 Darklings","floor":35,"turns":7},{"damage":21,"enemies":"3 Shapes","floor":42,"turns":2},{"damage":60,"enemies":"Giant Head","floor":44,"turns":10},{"damage":8,"enemies":"Sphere and 2 Shapes","floor":45,"turns":5},{"damage":2,"enemies":"Transient","floor":47,"turns":5},{"damage":6,"enemies":"4 Shapes","floor":48,"turns":5},{"damage":10,"enemies":"Donu and Deca","floor":50,"turns":9}],"seed_played":"4477304041633830746","potions_obtained":[{"floor":4,"key":"BloodPotion"},{"floor":8,"key":"SpeedPotion"},{"floor":14,"key":"GamblersBrew"},{"floor":16,"key":"Explosive Potion"},{"floor":19,"key":"AttackPotion"},{"floor":27,"key":"Fruit Juice"},{"floor":28,"key":"BlessingOfTheForge"},{"floor":29,"key":"ElixirPotion"},{"floor":42,"key":"FairyPotion"},{"floor":44,"key":"Fire Potion"},{"floor":45,"key":"Energy Potion"},{"floor":48,"key":"Dexterity Potion"}],"is_trial":false,"path_per_floor":["M","$","?","M","M","R","?","E","T","M","R","M","R","M","R","B",null,"M","M","M","?","?","R","M","?","T","?","M","E","$","T","R","B",null,"M","?","?","?","$","R","?","M","T","E","M","$","M","M","R","B",null],"character_chosen":"IRONCLAD","items_purchased":["Armaments","Battle Trance","Bag of Preparation","Oddly Smooth Stone","Toxic Egg 2","Shrug It Off+1","Kunai","Trip+1","White Beast Statue","Body Slam+1","Strawberry","Ancient Potion","DuplicationPotion"],"campfire_rested":4,"item_purchase_floors":[2,2,2,30,30,30,39,39,39,39,46,46,46],"current_hp_per_floor":[69,69,51,57,61,61,50,36,36,40,40,46,46,41,41,19,61,56,54,50,50,50,72,70,49,49,49,43,23,23,23,47,26,67,69,69,69,69,69,76,76,73,73,19,17,24,49,70,83,83],"gold":53,"neow_bonus":"TWO_FIFTY_GOLD","is_prod":false,"is_daily":false,"chose_seed":false,"campfire_upgraded":4,"win_rate":0,"timestamp":1693730947,"path_taken":["M","$","?","M","M","R","?","E","T","M","R","M","R","M","R","BOSS","M","M","M","?","?","R","M","?","T","?","M","E","$","?","R","BOSS","M","?","?","?","$","R","?","M","T","E","M","$","M","M","R","BOSS"],"build_version":"2022-12-18","purchased_purges":3,"victory":true,"max_hp_per_floor":[75,75,75,75,75,75,75,75,75,75,75,75,75,75,75,75,75,75,75,75,75,75,75,75,75,75,80,80,80,80,80,80,80,80,80,80,80,76,76,76,76,76,76,76,76,83,83,83,83,83],"card_choices":[{"not_picked":["Perfected Strike","Warcry"],"picked":"Cleave","floor":1},{"not_picked":["Body Slam","Dark Embrace","Wild Strike"],"picked":"SKIP","floor":4},{"not_picked":["Body Slam","Perfected Strike"],"picked":"Flex","floor":5},{"not_picked":["Seeing Red","Headbutt+1"],"picked":"Twin Strike+1","floor":8},{"not_picked":["Intimidate","Armaments"],"picked":"Sword Boomerang+1","floor":10},{"not_picked":["Corruption","Combust"],"picked":"Hemokinesis+1","floor":12},{"not_picked":["Anger+1","Perfected Strike+1"],"picked":"Armaments","floor":14},{"not_picked":["Brutality","Barricade"],"picked":"Offering","floor":16},{"not_picked":["Sword Boomerang+1","Warcry"],"picked":"True Grit","floor":18},{"not_picked":["Dark Embrace","Heavy Blade+1","Dropkick+1"],"picked":"SKIP","floor":19},{"not_picked":["Havoc","Shrug It Off"],"picked":"Metallicize","floor":20},{"not_picked":["Anger+1","Flex"],"picked":"Ghostly Armor","floor":24},{"not_picked":["Carnage+1","Dual Wield"],"picked":"Warcry","floor":27},{"not_picked":["Body Slam+1","Flex"],"picked":"Warcry","floor":28},{"not_picked":["Berserk","Havoc"],"picked":"Clothesline+1","floor":29},{"not_picked":["Berserk","Double Tap+1"],"picked":"Reaper+1","floor":33},{"not_picked":["Body Slam+1","Rampage+1"],"picked":"Ghostly Armor+1","floor":35},{"not_picked":["Pommel Strike+1","Dark Embrace+1"],"picked":"Shrug It Off+1","floor":42},{"not_picked":["Armaments+1","Cleave+1"],"picked":"Spot Weakness+1","floor":44},{"not_picked":["Carnage+1","Ghostly Armor+1"],"picked":"Metallicize+1","floor":45},{"not_picked":["Iron Wave+1","True Grit+1","Flex+1"],"picked":"SKIP","floor":47},{"not_picked":["Burning Pact+1","Clothesline+1","Iron Wave+1"],"picked":"SKIP","floor":48}],"player_experience":460712,"relics_obtained":[{"floor":8,"key":"Molten Egg 2"},{"floor":9,"key":"Potion Belt"},{"floor":25,"key":"Enchiridion"},{"floor":26,"key":"Torii"},{"floor":27,"key":"Pocketwatch"},{"floor":27,"key":"HornCleat"},{"floor":29,"key":"Bronze Scales"},{"floor":31,"key":"Red Skull"},{"floor":43,"key":"Mummified Hand"},{"floor":44,"key":"Frozen Egg 2"}],"event_choices":[{"damage_healed":0,"gold_gain":0,"player_choice":"Success","damage_taken":18,"relics_obtained":["Mercury Hourglass"],"max_hp_gain":0,"max_hp_loss":0,"event_name":"Scrap Ooze","floor":3,"gold_loss":0},{"damage_healed":0,"gold_gain":75,"player_choice":"Gather Gold","damage_taken":11,"max_hp_gain":0,"max_hp_loss":0,"event_name":"World of Goop","floor":7,"gold_loss":0},{"damage_healed":0,"gold_gain":0,"player_choice":"Simplicity","damage_taken":0,"max_hp_gain":0,"max_hp_loss":0,"event_name":"Back to Basics","floor":21,"gold_loss":0,"cards_upgraded":["Strike_R","Strike_R","Strike_R","Strike_R","Strike_R","Defend_R","Defend_R","Defend_R","Defend_R"]},{"damage_healed":0,"gold_gain":0,"player_choice":"Ignored","damage_taken":0,"max_hp_gain":0,"max_hp_loss":0,"event_name":"Ghosts","floor":22,"gold_loss":0},{"damage_healed":0,"gold_gain":0,"player_choice":"Obtained Book","damage_taken":21,"max_hp_gain":0,"max_hp_loss":0,"event_name":"Cursed Tome","floor":25,"gold_loss":0},{"damage_healed":0,"gold_gain":0,"player_choice":"Fight","damage_taken":0,"max_hp_gain":0,"max_hp_loss":0,"event_name":"Colosseum","floor":27,"gold_loss":0},{"damage_healed":0,"gold_gain":0,"player_choice":"Fought Nobs","damage_taken":0,"max_hp_gain":0,"max_hp_loss":0,"event_name":"Colosseum","floor":27,"gold_loss":0},{"damage_healed":0,"gold_gain":0,"player_choice":"Ignored","damage_taken":0,"max_hp_gain":0,"max_hp_loss":0,"event_name":"Tomb of Lord Red Mask","floor":36,"gold_loss":0},{"damage_healed":0,"gold_gain":999,"player_choice":"Gold","damage_taken":0,"max_hp_gain":0,"max_hp_loss":0,"event_name":"MindBloom","floor":37,"gold_loss":0,"cards_obtained":["Normality","Normality"]},{"damage_healed":0,"gold_gain":0,"player_choice":"Max HP","damage_taken":0,"max_hp_gain":0,"max_hp_loss":4,"event_name":"Winding Halls","floor":38,"gold_loss":0},{"cards_removed":["Strike_R"],"damage_healed":0,"gold_gain":0,"player_choice":"Removed Attack","damage_taken":0,"max_hp_gain":0,"max_hp_loss":0,"event_name":"Falling","floor":41,"gold_loss":0}],"is_beta":false,"boss_relics":[{"not_picked":["Black Star","Empty Cage"],"picked":"Fusion Hammer"},{"not_picked":["Velvet Choker","Busted Crown"],"picked":"Mark of Pain"}],"items_purged_floors":[2,39,46],"is_endless":false,"potions_floor_spawned":[4,8,14,16,19,27,27,28,29,42,44,45,47,48],"ascension_level":15}