{"gold_per_floor":[367,417,431,28,28,28,63,73,99,99,113,123,54,68,68,141,141,156,171,20,33,52,52,52,52,78,78,78,94,94,120,120,197,197,212,228,228,228,244,244],"floor_reached":40,"playtime":1365,"items_purged":["Strike_R"],"score":714,"play_id":"c348f735-f364-445d-aa6b-504442273b5c","local_time":"20230903001551","is_ascension_mode":true,"campfire_choices":[{"data":"Whirlwind","floor":6,"key":"SMITH"},{"data":"Metallicize","floor":10,"key":"SMITH"},{"data":"Inflame","floor":15,"key":"SMITH"},{"data":"Spot Weakness","floor":23,"key":"SMITH"},{"data":"Uppercut","floor":25,"key":"SMITH"},{"data":"Offering","floor":27,"key":"SMITH"},{"data":"Defend_R","floor":30,"key":"SMITH"},{"floor":32,"key":"REST"}],"neow_cost":"TEN_PERCENT_HP_LOSS","seed_source_timestamp":2155272157114199,"circlet_count":0,"master_deck":["AscendersBane","Strike_R","Strike_R","Strike_R","Defend_R","Defend_R","Defend_R","Defend_R+1","Bash","Clothesline","Whirlwind+1","Seeing Red","Metallicize+1","Intimidate","Inflame+1","Spot Weakness+1","Offering+1","Uppercut+1","Sword Boomerang","Evolve","Burning Pact+1","Intimidate","Rage","Brutality","Good Instincts","Rupture"],"relics":["Burning Blood","Matryoshka","Toolbox","MealTicket","Lantern","Bag of Marbles","Mark of Pain","Bronze Scales","Nunchaku","Regal Pillow","Sozu"],"potions_floor_usage":[7,16,22,31,40],"damage_taken":[{"damage":12,"enemies":"Jaw Worm","floor":1,"turns":3},{"damage":1,"enemies":"Cultist","floor":3,"turns":4},{"damage":18,"enemies":"3 Sentries","floor":7,"turns":3},{"damage":1,"enemies":"Small Slimes","floor":8,"turns":3},{"damage":0,"enemies":"Gremlin Gang","floor":11,"turns":1},{"damage":0,"enemies":"2 Fungi Beasts","floor":12,"turns":3},{"damage":0,"enemies":"Large Slime","floor":14,"turns":3},{"damage":40,"enemies":"Hexaghost","floor":16,"turns":10},{"damage":6,"enemies":"Shell Parasite","floor":18,"turns":1},{"damage":0,"enemies":"Chosen","floor":19,"turns":3},{"damage":23,"enemies":"Centurion and Healer","floor":21,"turns":3},{"damage":26,"enemies":"Snake Plant","floor":22,"turns":4},{"damage":13,"enemies":"Snecko","floor":29,"turns":3},{"damage":31,"enemies":"Slavers","floor":31,"turns":3},{"damage":25,"enemies":"Automaton","floor":33,"turns":6},{"damage":6,"enemies":"3 Shapes","floor":35,"turns":3},{"damage":18,"enemies":"3 Darklings","floor":36,"turns":4},{"damage":41,"enemies":"Writhing Mass","floor":39,"turns":5},{"damage":29,"enemies":"Nemesis","floor":40,"turns":2}],"seed_played":"-351745983958360628","potions_obtained":[{"floor":1,"key":"PowerPotion"},{"floor":8,"key":"Fire Potion"},{"floor":14,"key":"ElixirPotion"},{"floor":19,"key":"Weak Potion"},{"floor":21,"key":"Explosive Potion"},{"floor":22,"key":"GamblersBrew"}],"is_trial":false,"path_per_floor":["M","?","M","$","?","R","E","M","T","R","M","M","$","M","R","B",null,"M","M","$","M","M","R","$","R","T","R","$","M","R","E","R","B",null,"M","M","?","?","M","E"],"character_chosen":"IRONCLAD","items_purchased":["Matryoshka","Toolbox","Inflame","Evolve"],"campfire_rested":1,"item_purchase_floors":[4,4,13,20],"current_hp_per_floor":[62,56,61,61,61,61,49,54,54,54,60,66,68,68,68,34,60,60,66,68,51,31,31,46,46,46,46,61,54,54,29,64,45,62,62,50,50,50,15,0],"gold":244,"neow_bonus":"TWO_FIFTY_GOLD","is_prod":false,"is_daily":false,"chose_seed":false,"campfire_upgraded":7,"win_rate":0,"timestamp":1693725351,"path_taken":["M","?","?","$","?","R","E","?","T","R","M","M","$","M","R","BOSS","M","?","$","M","M","R","$","R","T","R","$","M","R","E","R","BOSS","M","M","?","?","?","E"],"build_version":"2022-12-18","purchased_purges":1,"victory":false,"max_hp_per_floor":[68,68,68,68,68,68,68,68,68,68,68,68,68,68,68,68,68,68,68,68,68,68,68,68,68,68,68,68,68,68,68,68,68,68,68,68,65,65,65,65],"card_choices":[{"not_picked":["Sever Soul","Rampage"],"picked":"Clothesline","floor":1},{"not_picked":["Wild Strike","Iron Wave"],"picked":"Whirlwind","floor":3},{"not_picked":["Cleave","Perfected Strike"],"picked":"Seeing Red","floor":7},{"not_picked":["Sever Soul","Shrug It Off"],"picked":"Metallicize","floor":8},{"not_picked":["Reckless Charge","Twin Strike"],"picked":"Intimidate","floor":11},{"not_picked":["Iron Wave","Cleave","Dropkick"],"picked":"SKIP","floor":12},{"not_picked":["Metallicize","Headbutt"],"picked":"Spot Weakness","floor":14},{"not_picked":["Exhume","Impervious"],"picked":"Offering","floor":16},{"not_picked":["Anger","Thunderclap"],"picked":"Uppercut","floor":18},{"not_picked":["True Grit","Wild Strike+1"],"picked":"Sword Boomerang","floor":19},{"not_picked":["Armaments","Clash","Anger"],"picked":"SKIP","floor":21},{"not_picked":["Perfected Strike","Iron Wave"],"picked":"Burning Pact+1","floor":22},{"not_picked":["Bludgeon","Infernal Blade"],"picked":"Intimidate","floor":29},{"not_picked":["Exhume","Havoc+1"],"picked":"Rage","floor":31},{"not_picked":["Bludgeon","Corruption"],"picked":"Brutality","floor":33},{"not_picked":["Anger","Thunderclap","Pommel Strike"],"picked":"SKIP","floor":35},{"not_picked":["Body Slam","Blood for Blood+1","Bloodletting+1"],"picked":"SKIP","floor":36},{"not_picked":["Discovery","Impatience"],"picked":"Good Instincts","floor":38},{"not_picked":["Havoc","Wild Strike+1"],"picked":"Rupture","floor":39}],"player_experience":458309,"relics_obtained":[{"floor":7,"key":"MealTicket"},{"floor":9,"key":"Lantern"},{"floor":9,"key":"Bag of Marbles"},{"floor":26,"key":"Bronze Scales"},{"floor":26,"key":"Nunchaku"},{"floor":31,"key":"Regal Pillow"}],"event_choices":[{"damage_healed":0,"gold_gain":50,"player_choice":"Touch","damage_taken":6,"max_hp_gain":0,"max_hp_loss":0,"event_name":"FaceTrader","floor":2,"gold_loss":0},{"cards_removed":["Strike_R"],"damage_healed":0,"gold_gain":0,"player_choice":"Purged","damage_taken":0,"max_hp_gain":0,"max_hp_loss":0,"event_name":"Purifier","floor":5,"gold_loss":0},{"damage_healed":0,"gold_gain":0,"player_choice":"Max HP","damage_taken":0,"max_hp_gain":0,"max_hp_loss":3,"event_name":"Winding Halls","floor":37,"gold_loss":0},{"damage_healed":0,"gold_gain":0,"player_choice":"Memory 1","damage_taken":0,"max_hp_gain":0,"max_hp_loss":0,"event_name":"SensoryStone","floor":38,"gold_loss":0}],"is_beta":false,"boss_relics":[{"not_picked":["Black Blood","Snecko Eye"],"picked":"Mark of Pain"},{"not_picked":["SacredBark","Pandora\u0027s Box"],"picked":"Sozu"}],"items_purged_floors":[20],"is_endless":false,"potions_floor_spawned":[1,8,14,19,21,22,35],"killed_by":"Nemesis","ascension_level":15}