{"gold_per_floor":[110,110,123,135,152,180,180,153,231,231,245,245,257,267,267,267],"floor_reached":16,"playtime":551,"items_purged":[],"score":164,"play_id":"3c0bceab-8214-4987-bc8d-d68ffedfc618","local_time":"20230826223129","is_ascension_mode":true,"campfire_choices":[{"data":"Infernal Blade","floor":7,"key":"SMITH"},{"data":"Entrench","floor":10,"key":"SMITH"},{"data":"Defend_R","floor":12,"key":"SMITH"},{"floor":15,"key":"REST"}],"neow_cost":"NONE","seed_source_timestamp":1545000478998500,"circlet_count":0,"master_deck":["AscendersBane","Strike_R","Strike_R","Strike_R","Strike_R","Strike_R","Defend_R","Defend_R","Defend_R","Defend_R+1","Bash","Sword Boomerang","Infernal Blade+1","Metallicize","Entrench+1","Iron Wave"],"relics":["Burning Blood","Lantern","Calipers","Mummified Hand"],"potions_floor_usage":[6,13,16],"damage_taken":[{"damage":2,"enemies":"2 Louse","floor":1,"turns":2},{"damage":6,"enemies":"Cultist","floor":3,"turns":4},{"damage":4,"enemies":"Jaw Worm","floor":4,"turns":5},{"damage":22,"enemies":"Lots of Slimes","floor":5,"turns":4},{"damage":19,"enemies":"Gremlin Nob","floor":6,"turns":4},{"damage":20,"enemies":"Exordium Thugs","floor":8,"turns":5},{"damage":3,"enemies":"Exordium Wildlife","floor":11,"turns":4},{"damage":16,"enemies":"Large Slime","floor":13,"turns":7},{"damage":1,"enemies":"3 Louse","floor":14,"turns":3},{"damage":49,"enemies":"Slime Boss","floor":16,"turns":9}],"seed_played":"4996765588761712176","potions_obtained":[{"floor":4,"key":"PowerPotion"},{"floor":8,"key":"LiquidMemories"},{"floor":11,"key":"DistilledChaos"}],"is_trial":false,"path_per_floor":["M","?","M","M","M","E","R","M","T","R","M","R","M","M","R","B"],"character_chosen":"IRONCLAD","items_purchased":[],"campfire_rested":1,"item_purchase_floors":[],"current_hp_per_floor":[76,68,68,70,54,41,41,27,27,27,30,30,20,25,49,0],"gold":267,"neow_bonus":"RANDOM_COMMON_RELIC","is_prod":false,"is_daily":false,"chose_seed":false,"campfire_upgraded":3,"win_rate":0,"timestamp":1693114289,"path_taken":["M","?","?","M","M","E","R","?","T","R","M","R","M","M","R","BOSS"],"build_version":"2022-12-18","purchased_purges":0,"victory":false,"max_hp_per_floor":[80,80,80,80,80,80,80,80,80,80,80,80,80,80,80,80],"card_choices":[{"not_picked":["True Grit","Perfected Strike"],"picked":"Sword Boomerang","floor":1},{"not_picked":["Dual Wield","Clash","Sever Soul"],"picked":"SKIP","floor":3},{"not_picked":["True Grit","Dropkick"],"picked":"Infernal Blade","floor":4},{"not_picked":["Sword Boomerang","True Grit"],"picked":"Metallicize","floor":5},{"not_picked":["Blood for Blood","Rampage","Wild Strike"],"picked":"SKIP","floor":6},{"not_picked":["True Grit","Sever Soul"],"picked":"Entrench","floor":8},{"not_picked":["Reckless Charge","Pummel","Havoc"],"picked":"SKIP","floor":11},{"not_picked":["Rupture","True Grit","Sword Boomerang"],"picked":"SKIP","floor":13},{"not_picked":["Headbutt","Flex"],"picked":"Iron Wave","floor":14}],"player_experience":386717,"relics_obtained":[{"floor":6,"key":"Calipers"},{"floor":9,"key":"Mummified Hand"}],"event_choices":[{"damage_healed":0,"gold_gain":0,"player_choice":"Damaged","damage_taken":8,"max_hp_gain":0,"max_hp_loss":0,"event_name":"Wheel of Change","floor":2,"gold_loss":0}],"is_beta":false,"boss_relics":[],"items_purged_floors":[],"is_endless":false,"potions_floor_spawned":[4,8,11],"killed_by":"Slime Boss","ascension_level":11}