{"gold_per_floor":[369,46,46,46,60,60,80,105,105,105,105,123,123,135,135,212,212,226,69,69,51,51,76,76,96,96,96,13,38,55,72,72,143,143,159,179,179,22,22,22,32,32,32,32,32,45,45,45,45,45],"floor_reached":51,"playtime":2097,"items_purged":["Strike_R","Strike_R"],"score":1259,"play_id":"b4561a5b-67b7-46f1-979a-cf41847a0f01","local_time":"20230903161607","is_ascension_mode":true,"campfire_choices":[{"data":"Armaments","floor":6,"key":"SMITH"},{"data":"Cleave","floor":11,"key":"SMITH"},{"data":"Clothesline","floor":15,"key":"SMITH"},{"data":"Juggernaut","floor":24,"key":"SMITH"},{"data":"Body Slam","floor":27,"key":"SMITH"},{"data":"Shrug It Off","floor":32,"key":"SMITH"},{"data":"Barricade","floor":40,"key":"SMITH"},{"data":"Defend_R","floor":45,"key":"SMITH"},{"data":"Defend_R","floor":49,"key":"SMITH"}],"neow_cost":"PERCENT_DAMAGE","seed_source_timestamp":2212147722511999,"circlet_count":0,"master_deck":["AscendersBane","Defend_R+1","Defend_R+1","Defend_R+1","Bash+1","Cleave+1","Armaments+1","Shrug It Off+1","Clothesline+1","Shrug It Off+1","Juggernaut+1","Disarm+1","Body Slam+1","True Grit+1","Shrug It Off+1","Impervious+1","Warcry+1","Barricade+1","Exhume+1","Jack Of All Trades+1"],"relics":["Burning Blood","Meat on the Bone","HornCleat","Toxic Egg 2","SlaversCollar","Matryoshka","Darkstone Periapt","Bronze Scales","Coffee Dripper","The Courier","War Paint"],"potions_floor_usage":[5,23,33,35,50,50],"damage_taken":[{"damage":0,"enemies":"Small Slimes","floor":1,"turns":3},{"damage":4,"enemies":"Jaw Worm","floor":5,"turns":4},{"damage":1,"enemies":"2 Louse","floor":7,"turns":3},{"damage":55,"enemies":"Gremlin Nob","floor":8,"turns":6},{"damage":1,"enemies":"Looter","floor":12,"turns":4},{"damage":4,"enemies":"Gremlin Gang","floor":14,"turns":7},{"damage":1,"enemies":"The Guardian","floor":16,"turns":16},{"damage":25,"enemies":"Shell Parasite","floor":18,"turns":7},{"damage":3,"enemies":"2 Thieves","floor":21,"turns":4},{"damage":42,"enemies":"Slavers","floor":23,"turns":7},{"damage":5,"enemies":"Centurion and Healer","floor":25,"turns":9},{"damage":15,"enemies":"Gremlin Leader","floor":29,"turns":6},{"damage":15,"enemies":"Shelled Parasite and Fungi","floor":30,"turns":8},{"damage":0,"enemies":"Snecko","floor":31,"turns":6},{"damage":42,"enemies":"Automaton","floor":33,"turns":9},{"damage":0,"enemies":"3 Darklings","floor":35,"turns":4},{"damage":9,"enemies":"3 Shapes","floor":36,"turns":6},{"damage":16,"enemies":"Writhing Mass","floor":41,"turns":5},{"damage":13,"enemies":"Jaw Worm Horde","floor":46,"turns":7},{"damage":49,"enemies":"Donu and Deca","floor":50,"turns":13}],"seed_played":"5103164924143798824","potions_obtained":[{"floor":5,"key":"Fruit Juice"},{"floor":16,"key":"BloodPotion"},{"floor":21,"key":"Ancient Potion"},{"floor":30,"key":"ColorlessPotion"},{"floor":33,"key":"ColorlessPotion"}],"is_trial":false,"path_per_floor":["M","$","?","?","M","R","M","E","T","?","R","M","?","M","R","B",null,"M","$","?","M","?","E","R","M","T","R","$","E","M","M","R","B",null,"M","M","?","$","?","R","M","$","T","$","R","M","?","?","R","B",null],"character_chosen":"IRONCLAD","items_purchased":["Armaments","Meat on the Bone","Body Slam","True Grit+1","Impervious+1","Dexterity Potion"],"campfire_rested":0,"item_purchase_floors":[2,2,19,19,28,38],"current_hp_per_floor":[56,56,56,61,68,68,73,36,36,29,29,46,46,60,60,65,80,61,61,61,64,64,40,40,53,53,53,53,56,59,65,65,41,74,80,77,77,77,77,77,67,67,67,67,67,60,60,60,60,45],"gold":45,"neow_bonus":"TWO_FIFTY_GOLD","is_prod":false,"is_daily":false,"chose_seed":false,"campfire_upgraded":9,"win_rate":0,"timestamp":1693782967,"path_taken":["M","$","?","?","M","R","M","E","T","?","R","M","?","?","R","BOSS","M","$","?","?","?","E","R","?","T","R","?","E","?","M","R","BOSS","M","M","?","$","?","R","M","?","T","$","R","M","?","?","R","BOSS"],"build_version":"2022-12-18","purchased_purges":2,"victory":true,"max_hp_per_floor":[75,75,75,80,85,85,85,85,85,85,85,85,85,85,85,85,85,85,85,85,85,85,85,85,85,85,85,85,85,85,85,85,85,85,85,85,85,85,81,81,81,81,81,81,81,81,81,81,81,81],"card_choices":[{"not_picked":["Disarm","Anger"],"picked":"Cleave","floor":1},{"not_picked":["Twin Strike","Flex"],"picked":"Shrug It Off","floor":5},{"not_picked":["Clash","Dual Wield"],"picked":"Clothesline","floor":7},{"not_picked":["Perfected Strike","Rampage","Cleave"],"picked":"SKIP","floor":8},{"not_picked":["Havoc+1","Flex+1"],"picked":"Shrug It Off+1","floor":12},{"not_picked":["Second Wind+1","Perfected Strike","Searing Blow"],"picked":"SKIP","floor":14},{"not_picked":["Limit Break+1","Immolate"],"picked":"Juggernaut","floor":16},{"not_picked":["Rupture","Battle Trance+1"],"picked":"Disarm+1","floor":18},{"not_picked":["Evolve","Clothesline","Pommel Strike"],"picked":"SKIP","floor":21},{"not_picked":["Headbutt","Anger","Perfected Strike+1"],"picked":"SKIP","floor":23},{"not_picked":["Armaments+1","Limit Break+1"],"picked":"Shrug It Off+1","floor":25},{"not_picked":["Thunderclap+1","Fire Breathing","Infernal Blade+1"],"picked":"SKIP","floor":29},{"not_picked":["Twin Strike+1","Thunderclap+1","Pommel Strike"],"picked":"SKIP","floor":30},{"not_picked":["Sword Boomerang","Headbutt"],"picked":"Warcry+1","floor":31},{"not_picked":["Immolate","Brutality"],"picked":"Barricade","floor":33},{"not_picked":["Flex+1","Sword Boomerang","Iron Wave"],"picked":"SKIP","floor":35},{"not_picked":["Carnage","Anger+1"],"picked":"Exhume+1","floor":36},{"not_picked":["Anger","Cleave","Wild Strike+1"],"picked":"SKIP","floor":41},{"not_picked":["Headbutt","Flex+1","Twin Strike"],"picked":"SKIP","floor":46},{"not_picked":["Violence+1","Swift Strike"],"picked":"Jack Of All Trades+1","floor":47}],"player_experience":470064,"relics_obtained":[{"floor":8,"key":"HornCleat"},{"floor":9,"key":"Toxic Egg 2"},{"floor":23,"key":"Matryoshka"},{"floor":26,"key":"Darkstone Periapt"},{"floor":26,"key":"Bronze Scales"},{"floor":43,"key":"The Courier"},{"floor":43,"key":"War Paint"}],"event_choices":[{"damage_healed":0,"gold_gain":0,"player_choice":"Ignored","damage_taken":0,"max_hp_gain":0,"max_hp_loss":0,"event_name":"Liars Game","floor":3,"gold_loss":0},{"damage_healed":0,"gold_gain":0,"player_choice":"Donut","damage_taken":0,"max_hp_gain":5,"max_hp_loss":0,"event_name":"Big Fish","floor":4,"gold_loss":0},{"cards_removed":["Strike_R"],"damage_healed":0,"gold_gain":0,"player_choice":"Card Removal","damage_taken":7,"max_hp_gain":0,"max_hp_loss":0,"event_name":"Golden Wing","floor":10,"gold_loss":0},{"damage_healed":0,"gold_gain":0,"player_choice":"Upgraded","damage_taken":0,"max_hp_gain":0,"max_hp_loss":0,"event_name":"Upgrade Shrine","floor":13,"gold_loss":0,"cards_upgraded":["Bash"]},{"cards_removed":["Strike_R"],"damage_healed":0,"gold_gain":0,"player_choice":"Offered Basic","damage_taken":0,"max_hp_gain":0,"max_hp_loss":0,"event_name":"Bonfire Elementals","floor":20,"gold_loss":0},{"cards_removed":["Strike_R"],"damage_healed":0,"gold_gain":0,"player_choice":"Purged","damage_taken":0,"max_hp_gain":0,"max_hp_loss":0,"event_name":"Purifier","floor":22,"gold_loss":0},{"damage_healed":0,"gold_gain":0,"player_choice":"Ignored","damage_taken":0,"max_hp_gain":0,"max_hp_loss":0,"event_name":"Mysterious Sphere","floor":37,"gold_loss":0},{"damage_healed":0,"gold_gain":0,"player_choice":"Max HP","damage_taken":0,"max_hp_gain":0,"max_hp_loss":4,"event_name":"Winding Halls","floor":39,"gold_loss":0},{"damage_healed":0,"gold_gain":0,"player_choice":"Memory 1","damage_taken":0,"max_hp_gain":0,"max_hp_loss":0,"event_name":"SensoryStone","floor":47,"gold_loss":0},{"cards_removed":["Defend_R"],"damage_healed":0,"gold_gain":0,"player_choice":"Removed Skill","damage_taken":0,"max_hp_gain":0,"max_hp_loss":0,"event_name":"Falling","floor":48,"gold_loss":0}],"is_beta":false,"boss_relics":[{"not_picked":["Pandora\u0027s Box","Runic Cube"],"picked":"SlaversCollar"},{"not_picked":["Calling Bell","Runic Pyramid"],"picked":"Coffee Dripper"}],"items_purged_floors":[19,38],"is_endless":false,"potions_floor_spawned":[5,16,21,30,31,33],"ascension_level":16}