{"gold_per_floor":[114,42,54,68,68,68,95,95,142,142,160,160,33,45,45,140,140,159,209,134,147,23,23,23,38,63,63,73,89,89,4,4,105,105,122,122,140,15,15,15,32,32,32,32,44,64,13,13,13,13],"floor_reached":51,"playtime":1533,"items_purged":["Strike_R","Strike_R","Writhe"],"score":1001,"play_id":"3ee0de1a-f54f-4081-a039-775bc0ab680b","local_time":"20230828223049","is_ascension_mode":true,"campfire_choices":[{"data":"Uppercut","floor":6,"key":"SMITH"},{"data":"Cleave","floor":8,"key":"SMITH"},{"data":"Bash","floor":12,"key":"SMITH"},{"data":"Shrug It Off","floor":15,"key":"SMITH"},{"data":"Rupture","floor":23,"key":"SMITH"},{"data":"Brutality","floor":27,"key":"SMITH"},{"data":"Shrug It Off","floor":30,"key":"SMITH"},{"floor":32,"key":"REST"},{"data":"Limit Break","floor":40,"key":"SMITH"},{"floor":42,"key":"REST"},{"floor":44,"key":"REST"},{"floor":49,"key":"REST"}],"neow_cost":"NONE","seed_source_timestamp":1716774748752700,"circlet_count":0,"master_deck":["AscendersBane","Strike_R","Strike_R","Strike_R","Defend_R","Defend_R","Defend_R","Bash+1","Clothesline","Hemokinesis+1","Cleave+1","Uppercut+1","Impervious","Shrug It Off+1","Battle Trance","Brutality+1","Rupture+1","Iron Wave+1","Shrug It Off+1","Pummel","Twin Strike","Combust+1","Limit Break+1","Inflame+1","Entrench+1","Warcry+1"],"relics":["Burning Blood","Akabeko","Blood Vial","Cursed Key","Toy Ornithopter","Juzu Bracelet","White Beast Statue","SlaversCollar","Bag of Marbles","Spirit Poop"],"potions_floor_usage":[7,16,33,37,50,50],"damage_taken":[{"damage":0,"enemies":"2 Louse","floor":1,"turns":3},{"damage":4,"enemies":"Jaw Worm","floor":3,"turns":3},{"damage":3,"enemies":"Cultist","floor":4,"turns":3},{"damage":21,"enemies":"Gremlin Nob","floor":7,"turns":4},{"damage":6,"enemies":"Large Slime","floor":11,"turns":2},{"damage":16,"enemies":"Exordium Wildlife","floor":14,"turns":3},{"damage":53,"enemies":"Hexaghost","floor":16,"turns":11},{"damage":11,"enemies":"Shell Parasite","floor":18,"turns":4},{"damage":8,"enemies":"Spheric Guardian","floor":21,"turns":3},{"damage":10,"enemies":"Centurion and Healer","floor":25,"turns":5},{"damage":9,"enemies":"Snecko","floor":28,"turns":4},{"damage":26,"enemies":"Snake Plant","floor":29,"turns":3},{"damage":28,"enemies":"Champ","floor":33,"turns":8},{"damage":10,"enemies":"Orb Walker","floor":35,"turns":4},{"damage":43,"enemies":"3 Darklings","floor":37,"turns":5},{"damage":30,"enemies":"Sphere and 2 Shapes","floor":41,"turns":5},{"damage":7,"enemies":"4 Shapes","floor":45,"turns":3},{"damage":37,"enemies":"Writhing Mass","floor":46,"turns":6},{"damage":55,"enemies":"Time Eater","floor":50,"turns":7}],"seed_played":"-5097810154872183237","potions_obtained":[{"floor":3,"key":"SkillPotion"},{"floor":14,"key":"Swift Potion"},{"floor":16,"key":"EssenceOfSteel"},{"floor":18,"key":"Dexterity Potion"},{"floor":33,"key":"Explosive Potion"},{"floor":35,"key":"Weak Potion"},{"floor":37,"key":"ElixirPotion"},{"floor":41,"key":"ColorlessPotion"}],"is_trial":false,"path_per_floor":["M","$","M","M","?","R","E","R","T","?","M","R","$","M","R","B",null,"M","T","?","M","$","R","$","M","T","R","M","M","R","?","R","B",null,"M","?","M","$","?","R","M","R","T","R","M","M","$","?","R","B",null],"character_chosen":"IRONCLAD","items_purchased":["Hemokinesis","Shrug It Off","Shrug It Off","Strength Potion"],"campfire_rested":4,"item_purchase_floors":[2,13,22,47],"current_hp_per_floor":[86,86,88,88,88,88,73,73,73,73,75,75,75,67,67,22,72,69,69,69,69,69,69,69,67,67,67,66,48,48,48,74,59,81,79,79,49,49,49,49,27,53,53,79,80,51,51,51,77,39],"gold":13,"neow_bonus":"TEN_PERCENT_HP_BONUS","is_prod":false,"is_daily":false,"chose_seed":false,"campfire_upgraded":8,"win_rate":0,"timestamp":1693287049,"path_taken":["M","$","M","M","?","R","E","R","T","?","M","R","$","M","R","BOSS","M","?","?","M","?","R","$","M","T","R","M","M","R","?","R","BOSS","M","?","M","$","?","R","M","R","T","R","M","M","$","?","R","BOSS"],"build_version":"2022-12-18","purchased_purges":3,"victory":true,"max_hp_per_floor":[88,88,88,88,88,88,88,88,88,88,88,88,88,88,88,88,88,88,88,88,88,88,88,88,88,88,88,88,88,88,88,88,88,88,88,88,88,88,88,88,88,88,88,88,88,88,88,88,88,88],"card_choices":[{"not_picked":["Warcry","Clash"],"picked":"Clothesline","floor":1},{"not_picked":["Thunderclap","Havoc"],"picked":"Cleave","floor":3},{"not_picked":["Wild Strike","Pummel"],"picked":"Uppercut","floor":4},{"not_picked":["Pommel Strike","Entrench","True Grit"],"picked":"SKIP","floor":7},{"not_picked":["Clothesline","Dark Embrace"],"picked":"Impervious","floor":11},{"not_picked":["Reckless Charge","Dropkick"],"picked":"Battle Trance","floor":14},{"not_picked":["Corruption","Bludgeon"],"picked":"Brutality","floor":16},{"not_picked":["Perfected Strike","Burning Pact"],"picked":"Rupture","floor":18},{"not_picked":["Havoc","Sentinel"],"picked":"Iron Wave+1","floor":21},{"not_picked":["Metallicize","Fire Breathing"],"picked":"Pummel","floor":25},{"not_picked":["Headbutt","Pommel Strike"],"picked":"Twin Strike","floor":28},{"not_picked":["Sword Boomerang","Power Through"],"picked":"Combust+1","floor":29},{"not_picked":["Double Tap","Juggernaut"],"picked":"Limit Break","floor":33},{"not_picked":["Pommel Strike","Twin Strike"],"picked":"Inflame+1","floor":35},{"not_picked":["Anger","Clothesline"],"picked":"Entrench+1","floor":37},{"not_picked":["Havoc","Uppercut","Iron Wave"],"picked":"SKIP","floor":41},{"not_picked":["Thunderclap+1","Flex"],"picked":"Warcry+1","floor":45},{"not_picked":["Bloodletting","Power Through","Heavy Blade+1"],"picked":"SKIP","floor":46}],"player_experience":417172,"relics_obtained":[{"floor":7,"key":"Akabeko"},{"floor":9,"key":"Blood Vial"},{"floor":19,"key":"Toy Ornithopter"},{"floor":26,"key":"Juzu Bracelet"},{"floor":43,"key":"Bag of Marbles"}],"event_choices":[{"damage_healed":0,"gold_gain":0,"player_choice":"Ignored","damage_taken":0,"max_hp_gain":0,"max_hp_loss":0,"event_name":"Liars Game","floor":5,"gold_loss":0},{"damage_healed":0,"gold_gain":0,"player_choice":"Forge","damage_taken":0,"max_hp_gain":0,"max_hp_loss":0,"event_name":"Accursed Blacksmith","floor":10,"gold_loss":0,"cards_upgraded":["Hemokinesis"]},{"cards_removed":["Regret"],"damage_healed":0,"gold_gain":0,"player_choice":"Gave Gold","damage_taken":0,"max_hp_gain":0,"max_hp_loss":0,"event_name":"Beggar","floor":20,"gold_loss":75},{"damage_healed":0,"gold_gain":0,"player_choice":"Paid Gold","damage_taken":0,"relics_obtained":["White Beast Statue"],"max_hp_gain":0,"max_hp_loss":0,"event_name":"WeMeetAgain","floor":31,"gold_loss":85},{"damage_healed":0,"gold_gain":0,"player_choice":"Ignored","damage_taken":0,"max_hp_gain":0,"max_hp_loss":0,"event_name":"Mysterious Sphere","floor":36,"gold_loss":0},{"cards_removed":["Defend_R"],"damage_healed":0,"gold_gain":0,"player_choice":"Removed Skill","damage_taken":0,"max_hp_gain":0,"max_hp_loss":0,"event_name":"Falling","floor":39,"gold_loss":0},{"cards_removed":["Injury"],"damage_healed":0,"gold_gain":0,"player_choice":"Offered Curse","damage_taken":0,"relics_obtained":["Spirit Poop"],"max_hp_gain":0,"max_hp_loss":0,"event_name":"Bonfire Elementals","floor":48,"gold_loss":0}],"is_beta":false,"boss_relics":[{"not_picked":["Empty Cage","Calling Bell"],"picked":"Cursed Key"},{"not_picked":["SacredBark","Coffee Dripper"],"picked":"SlaversCollar"}],"items_purged_floors":[13,22,38],"is_endless":false,"potions_floor_spawned":[3,14,16,18,25,29,33,35,37,41,45,46],"ascension_level":12}