{"gold_per_floor":[367,542,182,182,182,182,202,212,212,225,255,266,266,19,19,117,117,129,61,72,85,27,27,27,27,107,121,36,36,36,49,49,49],"floor_reached":33,"playtime":1296,"items_purged":["Doubt","Strike_R"],"score":380,"play_id":"6da8dcaa-d639-49b0-a2b5-1aaf536b0616","local_time":"20230826202942","is_ascension_mode":true,"campfire_choices":[{"data":"Clothesline","floor":6,"key":"SMITH"},{"data":"Metallicize","floor":13,"key":"SMITH"},{"data":"Cleave","floor":15,"key":"SMITH"},{"data":"Berserk","floor":23,"key":"SMITH"},{"data":"Rupture","floor":25,"key":"SMITH"},{"data":"Warcry","floor":29,"key":"SMITH"},{"floor":32,"key":"REST"}],"neow_cost":"TEN_PERCENT_HP_LOSS","seed_source_timestamp":1536947279305900,"circlet_count":0,"master_deck":["AscendersBane","Strike_R","Strike_R","Strike_R","Defend_R","Defend_R","Defend_R","Defend_R","Bash","Warcry+1","Metallicize+1","Clothesline+1","Rupture+1","Evolve","Cleave+1","Berserk+1","Pommel Strike+1","Hemokinesis","Rupture+1","Shrug It Off+1"],"relics":["Burning Blood","Pen Nib","Eternal Feather","Lantern","StrikeDummy","Strawberry","Philosopher\u0027s Stone","Matryoshka","Frozen Egg 2","Blue Candle","Ginger"],"potions_floor_usage":[16,33],"damage_taken":[{"damage":5,"enemies":"Jaw Worm","floor":1,"turns":5},{"damage":0,"enemies":"2 Louse","floor":7,"turns":4},{"damage":0,"enemies":"Cultist","floor":8,"turns":4},{"damage":10,"enemies":"2 Fungi Beasts","floor":10,"turns":5},{"damage":25,"enemies":"Lagavulin","floor":11,"turns":9},{"damage":6,"enemies":"Red Slaver","floor":12,"turns":5},{"damage":26,"enemies":"Slime Boss","floor":16,"turns":9},{"damage":34,"enemies":"Spheric Guardian","floor":18,"turns":5},{"damage":12,"enemies":"Shell Parasite","floor":20,"turns":4},{"damage":29,"enemies":"3 Cultists","floor":21,"turns":5},{"damage":35,"enemies":"Shelled Parasite and Fungi","floor":27,"turns":6},{"damage":20,"enemies":"Centurion and Healer","floor":31,"turns":9},{"damage":77,"enemies":"Collector","floor":33,"turns":7}],"seed_played":"2271560278700382816","potions_obtained":[{"floor":7,"key":"FairyPotion"},{"floor":12,"key":"DistilledChaos"},{"floor":16,"key":"BlessingOfTheForge"},{"floor":21,"key":"Dexterity Potion"}],"is_trial":false,"path_per_floor":["M","?","$","?","?","R","M","M","T","M","E","M","R","$","R","B",null,"M","$","M","M","?","R","$","R","T","M","?","R","$","M","R","B"],"character_chosen":"IRONCLAD","items_purchased":["Metallicize","Clothesline","Pen Nib","Strawberry","Hemokinesis"],"campfire_rested":1,"item_purchase_floors":[3,3,3,14,19],"current_hp_per_floor":[72,72,72,69,69,72,72,72,72,68,49,49,58,65,74,54,73,45,45,39,16,16,28,28,40,40,11,11,23,23,9,44,0],"gold":49,"neow_bonus":"TWO_FIFTY_GOLD","is_prod":false,"is_daily":false,"chose_seed":false,"campfire_upgraded":6,"win_rate":0,"timestamp":1693106982,"path_taken":["M","?","$","?","?","R","M","?","T","M","E","M","R","$","R","BOSS","M","$","M","M","?","R","$","R","T","?","?","R","$","M","R","BOSS"],"build_version":"2022-12-18","purchased_purges":2,"victory":false,"max_hp_per_floor":[72,72,72,72,72,72,72,72,72,72,72,72,72,79,79,79,79,79,79,79,79,79,79,79,79,79,79,79,79,79,79,79,79],"card_choices":[{"not_picked":["Clash","Perfected Strike"],"picked":"Warcry","floor":1},{"not_picked":["Headbutt","Heavy Blade","True Grit"],"picked":"SKIP","floor":7},{"not_picked":["Heavy Blade","Pommel Strike"],"picked":"Rupture","floor":8},{"not_picked":["Carnage","Heavy Blade","Havoc"],"picked":"SKIP","floor":10},{"not_picked":["Fiend Fire","Anger"],"picked":"Evolve","floor":11},{"not_picked":["Thunderclap","Armaments"],"picked":"Cleave","floor":12},{"not_picked":["Feed","Barricade"],"picked":"Berserk","floor":16},{"not_picked":["Clash","True Grit"],"picked":"Pommel Strike+1","floor":18},{"not_picked":["Armaments+1","Anger"],"picked":"Rupture+1","floor":20},{"not_picked":["Metallicize","Perfected Strike"],"picked":"Shrug It Off+1","floor":21},{"not_picked":["Body Slam+1","Flex","Cleave"],"picked":"SKIP","floor":27},{"not_picked":["Dark Embrace+1","Dropkick","Clash"],"picked":"SKIP","floor":31}],"player_experience":383231,"relics_obtained":[{"floor":9,"key":"Lantern"},{"floor":11,"key":"StrikeDummy"},{"floor":26,"key":"Frozen Egg 2"},{"floor":26,"key":"Blue Candle"}],"event_choices":[{"damage_healed":0,"gold_gain":175,"player_choice":"AGREE","damage_taken":0,"max_hp_gain":0,"max_hp_loss":0,"event_name":"Liars Game","floor":2,"gold_loss":0,"cards_obtained":["Doubt"]},{"damage_healed":0,"gold_gain":0,"player_choice":"Success","damage_taken":3,"relics_obtained":["Eternal Feather"],"max_hp_gain":0,"max_hp_loss":0,"event_name":"Scrap Ooze","floor":4,"gold_loss":0},{"cards_removed":["Strike_R"],"damage_healed":0,"gold_gain":0,"player_choice":"Offered Basic","damage_taken":0,"max_hp_gain":0,"max_hp_loss":0,"event_name":"Bonfire Elementals","floor":5,"gold_loss":0},{"damage_healed":0,"gold_gain":0,"player_choice":"Paid Gold","damage_taken":0,"relics_obtained":["Matryoshka"],"max_hp_gain":0,"max_hp_loss":0,"event_name":"WeMeetAgain","floor":22,"gold_loss":58},{"damage_healed":0,"gold_gain":0,"player_choice":"Obtained Relic","damage_taken":0,"relics_obtained":["Ginger"],"max_hp_gain":0,"max_hp_loss":0,"event_name":"Addict","floor":28,"gold_loss":85}],"is_beta":false,"boss_relics":[{"not_picked":["SacredBark","Sozu"],"picked":"Philosopher\u0027s Stone"}],"items_purged_floors":[3,14],"is_endless":false,"potions_floor_spawned":[7,12,16,21,31],"killed_by":"Collector","ascension_level":11}