{"gold_per_floor":[109,109,122,47,122,148,148,158,185,185,202,202,212,212,212,288,288,298,308,49,49,148,148,159,159,159,179,193,193,85,105,105,183,183,201,213,112,131,131,131,160,160,185,185,219,219,246,28,28,28],"floor_reached":51,"playtime":1886,"items_purged":["Strike_R","Strike_R","Bash","Strike_R"],"score":1294,"play_id":"3fdaa874-08e0-4848-91f4-11b6da607862","local_time":"20230902010831","is_ascension_mode":true,"campfire_choices":[{"data":"Armaments","floor":7,"key":"SMITH"},{"data":"Flame Barrier","floor":10,"key":"SMITH"},{"data":"Juggernaut","floor":12,"key":"SMITH"},{"data":"Cleave","floor":15,"key":"SMITH"},{"data":"Metallicize","floor":23,"key":"SMITH"},{"data":"Shrug It Off","floor":29,"key":"SMITH"},{"data":"Panacea","floor":32,"key":"SMITH"},{"floor":40,"key":"REST"},{"floor":42,"key":"REST"},{"floor":49,"key":"REST"}],"neow_cost":"NONE","seed_source_timestamp":2071491940105900,"circlet_count":0,"master_deck":["AscendersBane","Strike_R","Defend_R","Defend_R","Defend_R","Defend_R+1","Armaments+1","Flame Barrier+1","Juggernaut+1","Clothesline","Cleave+1","Impervious","Body Slam+1","Shrug It Off+1","Metallicize+1","Panacea+1","Warcry","Reaper","Shrug It Off","Dual Wield+1","Shrug It Off","Madness"],"relics":["Burning Blood","NeowsBlessing","Anchor","Bag of Preparation","Runic Dome","Membership Card","Singing Bowl","Fusion Hammer","Bag of Marbles","Oddly Smooth Stone","CeramicFish","Art of War","TheAbacus"],"potions_floor_usage":[39,50,50],"damage_taken":[{"damage":0,"enemies":"2 Louse","floor":1,"turns":1},{"damage":0,"enemies":"Small Slimes","floor":3,"turns":1},{"damage":0,"enemies":"Lagavulin","floor":6,"turns":1},{"damage":8,"enemies":"Cultist","floor":8,"turns":4},{"damage":0,"enemies":"Red Slaver","floor":11,"turns":4},{"damage":16,"enemies":"Exordium Wildlife","floor":13,"turns":4},{"damage":27,"enemies":"The Guardian","floor":16,"turns":14},{"damage":20,"enemies":"Spheric Guardian","floor":18,"turns":5},{"damage":0,"enemies":"2 Thieves","floor":19,"turns":5},{"damage":0,"enemies":"Chosen and Byrds","floor":24,"turns":4},{"damage":14,"enemies":"Shelled Parasite and Fungi","floor":27,"turns":5},{"damage":9,"enemies":"Snecko","floor":28,"turns":5},{"damage":0,"enemies":"Cultist and Chosen","floor":31,"turns":4},{"damage":59,"enemies":"Automaton","floor":33,"turns":11},{"damage":14,"enemies":"3 Shapes","floor":35,"turns":4},{"damage":0,"enemies":"Orb Walker","floor":36,"turns":3},{"damage":22,"enemies":"Sphere and 2 Shapes","floor":38,"turns":6},{"damage":12,"enemies":"Transient","floor":39,"turns":3},{"damage":15,"enemies":"Giant Head","floor":41,"turns":9},{"damage":72,"enemies":"Nemesis","floor":45,"turns":9},{"damage":12,"enemies":"3 Darklings","floor":47,"turns":6},{"damage":0,"enemies":"Time Eater","floor":50,"turns":9}],"seed_played":"6029101344801662982","potions_obtained":[{"floor":11,"key":"Energy Potion"},{"floor":13,"key":"Swift Potion"},{"floor":19,"key":"ColorlessPotion"},{"floor":28,"key":"SmokeBomb"},{"floor":41,"key":"Ancient Potion"},{"floor":47,"key":"PowerPotion"}],"is_trial":false,"path_per_floor":["M","?","M","$","?","E","R","M","T","R","M","R","M","?","R","B",null,"M","M","$","$","?","R","M","?","T","M","M","R","$","M","R","B",null,"M","M","$","M","M","R","E","R","T","?","E","?","M","$","R","B",null],"character_chosen":"IRONCLAD","items_purchased":["Membership Card","Shrug It Off","Metallicize","Panacea","Dexterity Potion","Art of War","TheAbacus","DuplicationPotion","Madness"],"campfire_rested":3,"item_purchase_floors":[20,20,20,30,37,48,48,48,48],"current_hp_per_floor":[74,67,73,73,62,68,68,66,66,66,72,72,62,62,62,41,67,53,59,59,59,59,59,65,65,65,59,58,58,58,64,64,11,62,68,78,78,65,59,81,74,83,83,83,24,24,18,18,43,55],"gold":28,"neow_bonus":"THREE_ENEMY_KILL","is_prod":false,"is_daily":false,"chose_seed":false,"campfire_upgraded":7,"win_rate":0,"timestamp":1693642111,"path_taken":["M","?","M","$","?","E","R","M","T","R","M","R","M","?","R","BOSS","M","?","?","$","?","R","M","?","T","M","M","R","$","M","R","BOSS","M","M","$","?","M","R","E","R","T","?","E","?","M","$","R","BOSS"],"build_version":"2022-12-18","purchased_purges":4,"victory":true,"max_hp_per_floor":[75,75,75,75,75,75,75,75,75,75,75,75,75,75,75,75,75,75,75,75,75,75,75,75,75,75,77,79,79,79,79,79,79,79,81,81,81,81,81,81,83,83,83,83,85,85,85,85,85,85],"card_choices":[{"not_picked":["Twin Strike","Flame Barrier"],"picked":"Armaments","floor":1},{"not_picked":["Iron Wave","Wild Strike"],"picked":"Flame Barrier","floor":3},{"not_picked":["Headbutt","Dark Embrace"],"picked":"Juggernaut","floor":6},{"not_picked":["Rage","Twin Strike"],"picked":"Clothesline","floor":8},{"not_picked":["Searing Blow","Sword Boomerang"],"picked":"Cleave","floor":11},{"not_picked":["Uppercut","Heavy Blade","Searing Blow"],"picked":"SKIP","floor":13},{"not_picked":["Corruption","Brutality"],"picked":"Impervious","floor":16},{"not_picked":["Twin Strike","Sentinel","Hemokinesis"],"picked":"SKIP","floor":18},{"not_picked":["Wild Strike","Flex"],"picked":"Body Slam","floor":19},{"not_picked":["Armaments","Anger","Heavy Blade"],"picked":"SKIP","floor":24},{"not_picked":["Iron Wave","Limit Break","Dual Wield"],"picked":"Singing Bowl","floor":27},{"not_picked":["Bloodletting","Body Slam","Havoc"],"picked":"Singing Bowl","floor":28},{"not_picked":["Iron Wave","Heavy Blade+1"],"picked":"Warcry","floor":31},{"not_picked":["Double Tap","Brutality"],"picked":"Reaper","floor":33},{"not_picked":["Infernal Blade","Thunderclap","Searing Blow+1"],"picked":"Singing Bowl","floor":35},{"not_picked":["Iron Wave","Sword Boomerang+1"],"picked":"Shrug It Off","floor":36},{"not_picked":["Wild Strike","Spot Weakness"],"picked":"Dual Wield+1","floor":38},{"not_picked":["Sword Boomerang","Fiend Fire","True Grit"],"picked":"Singing Bowl","floor":41},{"not_picked":["Brutality","Uppercut","Clash"],"picked":"Singing Bowl","floor":45},{"not_picked":["Pommel Strike+1","Sword Boomerang"],"picked":"Shrug It Off","floor":47}],"player_experience":440736,"relics_obtained":[{"floor":6,"key":"Anchor"},{"floor":9,"key":"Bag of Preparation"},{"floor":26,"key":"Singing Bowl"},{"floor":41,"key":"Bag of Marbles"},{"floor":43,"key":"Oddly Smooth Stone"},{"floor":45,"key":"CeramicFish"}],"event_choices":[{"cards_removed":["Strike_R"],"damage_healed":0,"gold_gain":0,"player_choice":"Card Removal","damage_taken":7,"max_hp_gain":0,"max_hp_loss":0,"event_name":"Golden Wing","floor":2,"gold_loss":0},{"damage_healed":0,"gold_gain":75,"player_choice":"Gather Gold","damage_taken":11,"max_hp_gain":0,"max_hp_loss":0,"event_name":"World of Goop","floor":5,"gold_loss":0},{"damage_healed":0,"gold_gain":0,"player_choice":"Forge","damage_taken":0,"max_hp_gain":0,"max_hp_loss":0,"event_name":"Accursed Blacksmith","floor":14,"gold_loss":0,"cards_upgraded":["Defend_R"]},{"damage_healed":0,"gold_gain":99,"player_choice":"Stole From Cult","damage_taken":0,"max_hp_gain":0,"max_hp_loss":0,"event_name":"Nest","floor":22,"gold_loss":0},{"damage_healed":0,"gold_gain":0,"player_choice":"Upgraded","damage_taken":0,"max_hp_gain":0,"max_hp_loss":0,"event_name":"Upgrade Shrine","floor":25,"gold_loss":0,"cards_upgraded":["Body Slam"]},{"damage_healed":0,"gold_gain":0,"player_choice":"Ignored","damage_taken":0,"max_hp_gain":0,"max_hp_loss":0,"event_name":"Tomb of Lord Red Mask","floor":44,"gold_loss":0},{"damage_healed":0,"gold_gain":0,"player_choice":"Ignored","damage_taken":0,"max_hp_gain":0,"max_hp_loss":0,"event_name":"SecretPortal","floor":46,"gold_loss":0}],"is_beta":false,"boss_relics":[{"not_picked":["Runic Pyramid","Runic Cube"],"picked":"Runic Dome"},{"not_picked":["Mark of Pain","Black Star"],"picked":"Fusion Hammer"}],"items_purged_floors":[4,20,30,37],"is_endless":false,"potions_floor_spawned":[11,13,19,28,33,39,41,47],"ascension_level":14}