{"gold_per_floor":[117,129,129,2,2,2,14,14,40,40,57,57,82,82,82,153,153,166,166,166,166,177,177,202,202,227,11,11,40,54,81,81,152,152,163,163,182,56,56,56,85,96,96,96,0,0,32,45,45,45],"floor_reached":50,"playtime":1988,"items_purged":["Strike_R"],"score":1016,"play_id":"929cc2c9-422f-4b2b-a3c8-91051271a506","local_time":"20230902235248","is_ascension_mode":true,"campfire_choices":[{"data":"Cleave","floor":6,"key":"SMITH"},{"data":"Bash","floor":8,"key":"SMITH"},{"data":"Carnage","floor":10,"key":"SMITH"},{"data":"Inflame","floor":12,"key":"SMITH"},{"data":"Shrug It Off","floor":15,"key":"SMITH"},{"data":"RitualDagger","floor":23,"key":"SMITH"},{"data":"Intimidate","floor":25,"key":"SMITH"},{"floor":32,"key":"REST"},{"data":"Ghostly Armor","floor":40,"key":"SMITH"},{"data":"Spot Weakness","floor":44,"key":"SMITH"},{"floor":49,"key":"REST"}],"neow_cost":"PERCENT_DAMAGE","seed_source_timestamp":2153261536106800,"circlet_count":0,"master_deck":["AscendersBane","Strike_R+1","Strike_R+1","Defend_R+1","Defend_R+1","Defend_R+1","Defend_R+1","Bash+1","Cleave+1","Disarm+1","Shrug It Off+1","Carnage+1","Inflame+1","Shrug It Off+1","Reaper","Ghostly Armor+1","RitualDagger+1","Intimidate+1","Intimidate+1","Spot Weakness+1","Ghostly Armor+1","Impervious","Offering","Metallicize","Thunderclap+1","Pummel+1","Bloodletting+1","Pummel+1"],"relics":["Black Blood","Oddly Smooth Stone","Centennial Puzzle","Mark of Pain","Red Skull","War Paint","Sling","Pen Nib","Mango","Molten Egg 2","Question Card","Red Mask","Boot"],"potions_floor_usage":[16,29,31,31,50,50],"damage_taken":[{"damage":4,"enemies":"Small Slimes","floor":1,"turns":4},{"damage":2,"enemies":"2 Louse","floor":2,"turns":2},{"damage":0,"enemies":"Cultist","floor":7,"turns":2},{"damage":0,"enemies":"2 Fungi Beasts","floor":11,"turns":3},{"damage":25,"enemies":"Lagavulin","floor":13,"turns":6},{"damage":9,"enemies":"The Guardian","floor":16,"turns":10},{"damage":0,"enemies":"Chosen","floor":18,"turns":3},{"damage":16,"enemies":"Spheric Guardian","floor":22,"turns":4},{"damage":22,"enemies":"Book of Stabbing","floor":24,"turns":8},{"damage":36,"enemies":"Slavers","floor":29,"turns":5},{"damage":9,"enemies":"Snake Plant","floor":30,"turns":6},{"damage":67,"enemies":"Gremlin Leader","floor":31,"turns":8},{"damage":46,"enemies":"Collector","floor":33,"turns":12},{"damage":4,"enemies":"Orb Walker","floor":35,"turns":3},{"damage":18,"enemies":"3 Darklings","floor":37,"turns":6},{"damage":19,"enemies":"Reptomancer","floor":41,"turns":8},{"damage":18,"enemies":"Transient","floor":42,"turns":5},{"damage":64,"enemies":"Nemesis","floor":47,"turns":9},{"damage":23,"enemies":"Writhing Mass","floor":48,"turns":8},{"damage":111,"enemies":"Time Eater","floor":50,"turns":16}],"seed_played":"-3791010644951176162","potions_obtained":[{"floor":7,"key":"Dexterity Potion"},{"floor":13,"key":"GamblersBrew"},{"floor":24,"key":"BloodPotion"},{"floor":29,"key":"Energy Potion"},{"floor":35,"key":"SpeedPotion"},{"floor":47,"key":"AttackPotion"}],"is_trial":false,"path_per_floor":["M","M","?","$","?","R","M","R","T","R","M","R","E","?","R","B",null,"M","?","?","?","M","R","E","R","T","$","?","E","M","E","R","B",null,"M","?","M","$","?","R","E","M","T","R","?","?","E","M","R","B"],"character_chosen":"IRONCLAD","items_purchased":["Shrug It Off","Spot Weakness","Sling","Metallicize","Dexterity Potion"],"campfire_rested":2,"item_purchase_floors":[4,27,27,38,38],"current_hp_per_floor":[66,70,75,75,47,47,53,53,53,53,59,59,40,40,40,37,80,86,86,80,80,70,70,61,61,61,61,61,55,52,38,70,86,103,108,108,108,108,103,103,96,103,103,103,103,103,60,63,93,0],"gold":45,"neow_bonus":"TWENTY_PERCENT_HP_BONUS","is_prod":false,"is_daily":false,"chose_seed":false,"campfire_upgraded":9,"win_rate":0,"timestamp":1693723968,"path_taken":["M","M","?","$","?","R","M","R","T","R","M","R","E","?","R","BOSS","M","?","?","?","?","R","E","R","T","$","?","E","?","E","R","BOSS","M","?","?","$","?","R","E","M","T","R","?","?","E","?","R","BOSS"],"build_version":"2022-12-18","purchased_purges":1,"victory":false,"max_hp_per_floor":[89,89,94,94,94,94,94,94,94,94,94,94,94,94,94,94,94,94,94,94,94,94,94,94,94,94,94,94,94,94,108,108,108,108,108,108,108,108,103,103,103,103,103,103,103,103,103,103,103,103],"card_choices":[{"not_picked":["Body Slam","Power Through"],"picked":"Cleave","floor":1},{"not_picked":["Twin Strike","Iron Wave"],"picked":"Disarm","floor":2},{"not_picked":["Heavy Blade","Cleave"],"picked":"Carnage","floor":7},{"not_picked":["Thunderclap","Clash"],"picked":"Inflame","floor":11},{"not_picked":["Flame Barrier","Heavy Blade"],"picked":"Shrug It Off","floor":13},{"not_picked":["Demon Form","Limit Break"],"picked":"Reaper","floor":16},{"not_picked":["Perfected Strike","True Grit"],"picked":"Ghostly Armor+1","floor":18},{"not_picked":["Anger","Dual Wield"],"picked":"Intimidate+1","floor":22},{"not_picked":["Iron Wave","Thunderclap","Anger"],"picked":"SKIP","floor":24},{"not_picked":["Clothesline","Cleave"],"picked":"Ghostly Armor","floor":29},{"not_picked":["Twin Strike","Wild Strike","Thunderclap+1"],"picked":"SKIP","floor":30},{"not_picked":["Infernal Blade","Armaments+1"],"picked":"Impervious","floor":31},{"not_picked":["Immolate","Brutality"],"picked":"Offering","floor":33},{"not_picked":["Headbutt","Anger+1","Wild Strike"],"picked":"SKIP","floor":35},{"not_picked":["Headbutt","Thunderclap","Dark Embrace"],"picked":"SKIP","floor":37},{"not_picked":["Searing Blow+1","Brutality"],"picked":"Thunderclap+1","floor":41},{"not_picked":["True Grit","Disarm"],"picked":"Pummel+1","floor":42},{"not_picked":["Wild Strike+1","Clash+1","Spot Weakness+1"],"picked":"Bloodletting+1","floor":47},{"not_picked":["Burning Pact","Flex","Bloodletting"],"picked":"Pummel+1","floor":48}],"player_experience":456321,"relics_obtained":[{"floor":9,"key":"Oddly Smooth Stone"},{"floor":13,"key":"Centennial Puzzle"},{"floor":24,"key":"Red Skull"},{"floor":26,"key":"War Paint"},{"floor":29,"key":"Pen Nib"},{"floor":31,"key":"Mango"},{"floor":41,"key":"Molten Egg 2"},{"floor":43,"key":"Question Card"},{"floor":47,"key":"Boot"}],"event_choices":[{"damage_healed":0,"gold_gain":0,"player_choice":"Donut","damage_taken":0,"max_hp_gain":5,"max_hp_loss":0,"event_name":"Big Fish","floor":3,"gold_loss":0},{"damage_healed":0,"gold_gain":0,"player_choice":"Entered Light","damage_taken":28,"max_hp_gain":0,"max_hp_loss":0,"event_name":"Shining Light","floor":5,"gold_loss":0,"cards_upgraded":["Strike_R","Disarm"]},{"damage_healed":0,"gold_gain":0,"player_choice":"Forge","damage_taken":0,"max_hp_gain":0,"max_hp_loss":0,"event_name":"Accursed Blacksmith","floor":14,"gold_loss":0,"cards_upgraded":["Shrug It Off"]},{"damage_healed":0,"gold_gain":0,"player_choice":"Simplicity","damage_taken":0,"max_hp_gain":0,"max_hp_loss":0,"event_name":"Back to Basics","floor":19,"gold_loss":0,"cards_upgraded":["Strike_R","Strike_R","Strike_R","Defend_R","Defend_R","Defend_R","Defend_R"]},{"damage_healed":0,"gold_gain":0,"player_choice":"Joined the Cult","damage_taken":6,"max_hp_gain":0,"max_hp_loss":0,"event_name":"Nest","floor":20,"gold_loss":0,"cards_obtained":["RitualDagger"]},{"damage_healed":0,"gold_gain":0,"cards_transformed":["Strike_R"],"player_choice":"Transformed","damage_taken":0,"max_hp_gain":0,"max_hp_loss":0,"event_name":"Transmorgrifier","floor":21,"gold_loss":0,"cards_obtained":["Intimidate"]},{"damage_healed":0,"gold_gain":0,"player_choice":"Cursed","damage_taken":0,"max_hp_gain":0,"max_hp_loss":0,"event_name":"Wheel of Change","floor":28,"gold_loss":0,"cards_obtained":["Decay"]},{"cards_removed":["Decay"],"damage_healed":0,"gold_gain":0,"player_choice":"Removed Curses","damage_taken":0,"max_hp_gain":0,"max_hp_loss":0,"event_name":"Fountain of Cleansing","floor":36,"gold_loss":0},{"damage_healed":0,"gold_gain":0,"player_choice":"Max HP","damage_taken":0,"max_hp_gain":0,"max_hp_loss":5,"event_name":"Winding Halls","floor":39,"gold_loss":0},{"damage_healed":0,"gold_gain":0,"player_choice":"Paid","damage_taken":0,"relics_obtained":["Red Mask"],"max_hp_gain":0,"max_hp_loss":0,"event_name":"Tomb of Lord Red Mask","floor":45,"gold_loss":96},{"cards_removed":["Strike_R"],"damage_healed":0,"gold_gain":0,"player_choice":"Purged","damage_taken":0,"max_hp_gain":0,"max_hp_loss":0,"event_name":"Purifier","floor":46,"gold_loss":0}],"is_beta":false,"boss_relics":[{"not_picked":["SlaversCollar","Calling Bell"],"picked":"Mark of Pain"},{"not_picked":["Tiny House","Runic Dome"],"picked":"Black Blood"}],"items_purged_floors":[4],"is_endless":false,"potions_floor_spawned":[7,13,24,29,35,42,47,48],"killed_by":"Time Eater","ascension_level":15}