{"gold_per_floor":[118,133,144,69,89,89,47,47,127,127,127,139,151,182,182,253,253,267,192,242,242,259,287,287,287,312,341,341,356,36,51,51,123,123,137,147,72,83,83],"floor_reached":39,"playtime":2059,"items_purged":["Dropkick"],"score":895,"play_id":"9657cd0b-aba8-4afb-a0eb-c70ef67aea78","local_time":"20230910151434","is_ascension_mode":true,"campfire_choices":[{"data":"Bash","floor":6,"key":"SMITH"},{"data":"Bludgeon","floor":10,"key":"SMITH"},{"data":"Flame Barrier","floor":15,"key":"SMITH"},{"floor":24,"key":"REST"},{"floor":28,"key":"REST"},{"floor":32,"key":"REST"}],"neow_cost":"NONE","seed_source_timestamp":51042263848900,"circlet_count":0,"master_deck":["AscendersBane","Strike_R+1","Strike_R+1","Defend_R","Defend_R","Defend_R","Defend_R+1","Bash+1","Body Slam+1","Headbutt","Bludgeon+1","Battle Trance","Cleave+1","Flame Barrier+1","Disarm+1","Double Tap","Spot Weakness","Armaments+1","Reaper","Pommel Strike+1","Offering","Headbutt+1"],"relics":["Burning Blood","Lantern","InkBottle","Whetstone","Fusion Hammer","Mummified Hand","Omamori","Bag of Preparation","War Paint","Red Skull","Velvet Choker"],"potions_floor_usage":[14,33,39,39],"damage_taken":[{"damage":5,"enemies":"2 Louse","floor":1,"turns":4},{"damage":12,"enemies":"Small Slimes","floor":2,"turns":3},{"damage":1,"enemies":"Cultist","floor":3,"turns":3},{"damage":6,"enemies":"Blue Slaver","floor":5,"turns":3},{"damage":12,"enemies":"3 Louse","floor":12,"turns":4},{"damage":2,"enemies":"2 Fungi Beasts","floor":13,"turns":3},{"damage":0,"enemies":"Lagavulin","floor":14,"turns":3},{"damage":37,"enemies":"Hexaghost","floor":16,"turns":11},{"damage":30,"enemies":"Spheric Guardian","floor":18,"turns":4},{"damage":6,"enemies":"3 Byrds","floor":22,"turns":3},{"damage":0,"enemies":"Gremlin Leader","floor":23,"turns":3},{"damage":31,"enemies":"Slavers","floor":27,"turns":6},{"damage":9,"enemies":"Centurion and Healer","floor":29,"turns":5},{"damage":6,"enemies":"3 Cultists","floor":31,"turns":3},{"damage":83,"enemies":"Automaton","floor":33,"turns":10},{"damage":15,"enemies":"3 Darklings","floor":35,"turns":6},{"damage":3,"enemies":"Orb Walker","floor":36,"turns":2},{"damage":22,"enemies":"Jaw Worm Horde","floor":38,"turns":3},{"damage":76,"enemies":"Writhing Mass","floor":39,"turns":7}],"seed_played":"829722423773603575","potions_obtained":[{"floor":1,"key":"Weak Potion"},{"floor":12,"key":"EssenceOfSteel"},{"floor":13,"key":"DistilledChaos"},{"floor":18,"key":"BloodPotion"},{"floor":29,"key":"DistilledChaos"},{"floor":31,"key":"Strength Potion"},{"floor":36,"key":"GamblersBrew"}],"is_trial":false,"path_per_floor":["M","M","M","?","M","R","$","?","T","R","?","M","M","E","R","B",null,"M","?","?","?","M","E","R","?","T","E","R","M","$","M","R","B",null,"M","M","$","M","M"],"character_chosen":"IRONCLAD","items_purchased":["Battle Trance","War Paint","Red Skull"],"campfire_rested":3,"item_purchase_floors":[7,30,30],"current_hp_per_floor":[69,63,68,68,68,68,68,61,61,61,38,32,36,42,42,11,59,35,35,35,50,50,56,75,75,75,50,72,73,73,73,75,24,62,53,56,56,40,0],"gold":83,"neow_bonus":"RANDOM_COMMON_RELIC","is_prod":false,"is_daily":false,"chose_seed":false,"campfire_upgraded":3,"win_rate":0,"timestamp":1694384074,"path_taken":["M","M","M","?","M","R","$","?","T","R","?","M","M","E","R","BOSS","M","?","?","?","M","E","R","?","T","E","R","M","$","M","R","BOSS","M","M","$","M","M"],"build_version":"2022-12-18","purchased_purges":1,"victory":false,"max_hp_per_floor":[75,75,75,75,75,75,75,75,75,75,75,75,75,75,75,75,75,75,75,75,75,75,75,75,75,75,75,75,75,75,75,75,75,75,75,75,75,75,75],"card_choices":[{"not_picked":["Rage","Warcry"],"picked":"Dropkick","floor":1},{"not_picked":["Clothesline","Sentinel"],"picked":"Body Slam","floor":2},{"not_picked":["Pummel","Rampage"],"picked":"Headbutt","floor":3},{"not_picked":["Sword Boomerang","Havoc"],"picked":"Bludgeon","floor":5},{"not_picked":["Warcry","Thunderclap"],"picked":"Cleave","floor":12},{"not_picked":["Shrug It Off","Perfected Strike"],"picked":"Flame Barrier","floor":13},{"not_picked":["Anger","Armaments"],"picked":"Disarm","floor":14},{"not_picked":["Juggernaut","Feed"],"picked":"Double Tap","floor":16},{"not_picked":["Pummel","Wild Strike"],"picked":"Spot Weakness","floor":18},{"not_picked":["Shrug It Off","Disarm+1"],"picked":"Armaments+1","floor":22},{"not_picked":["Clothesline","True Grit","Sever Soul"],"picked":"SKIP","floor":23},{"not_picked":["Warcry+1","Clothesline"],"picked":"Reaper","floor":27},{"not_picked":["Wild Strike","Iron Wave","Pommel Strike"],"picked":"SKIP","floor":29},{"not_picked":["Havoc","Clothesline"],"picked":"Pommel Strike+1","floor":31},{"not_picked":["Exhume","Demon Form"],"picked":"Offering","floor":33},{"not_picked":["Hemokinesis","Clash+1","Wild Strike"],"picked":"SKIP","floor":35},{"not_picked":["Anger","Whirlwind","Clothesline+1"],"picked":"SKIP","floor":36},{"not_picked":["Spot Weakness","Sever Soul+1"],"picked":"Headbutt+1","floor":38}],"player_experience":539785,"relics_obtained":[{"floor":9,"key":"InkBottle"},{"floor":14,"key":"Whetstone"},{"floor":23,"key":"Mummified Hand"},{"floor":26,"key":"Omamori"},{"floor":27,"key":"Bag of Preparation"}],"event_choices":[{"cards_removed":["Strike_R"],"damage_healed":0,"gold_gain":0,"player_choice":"Card Removal","damage_taken":0,"max_hp_gain":0,"max_hp_loss":0,"event_name":"The Cleric","floor":4,"gold_loss":75},{"cards_removed":["Strike_R"],"damage_healed":0,"gold_gain":0,"player_choice":"Card Removal","damage_taken":7,"max_hp_gain":0,"max_hp_loss":0,"event_name":"Golden Wing","floor":8,"gold_loss":0},{"damage_healed":0,"gold_gain":0,"player_choice":"Entered Light","damage_taken":23,"max_hp_gain":0,"max_hp_loss":0,"event_name":"Shining Light","floor":11,"gold_loss":0,"cards_upgraded":["Strike_R","Body Slam"]},{"cards_removed":["Strike_R"],"damage_healed":0,"gold_gain":0,"player_choice":"Gave Gold","damage_taken":0,"max_hp_gain":0,"max_hp_loss":0,"event_name":"Beggar","floor":19,"gold_loss":75},{"damage_healed":0,"gold_gain":50,"player_choice":"Stole From Cult","damage_taken":0,"max_hp_gain":0,"max_hp_loss":0,"event_name":"Nest","floor":20,"gold_loss":0},{"damage_healed":15,"gold_gain":0,"player_choice":"Heal","damage_taken":0,"max_hp_gain":0,"max_hp_loss":0,"event_name":"The Library","floor":21,"gold_loss":0},{"damage_healed":0,"gold_gain":0,"player_choice":"Got Potions","damage_taken":0,"max_hp_gain":0,"max_hp_loss":0,"event_name":"Lab","floor":25,"gold_loss":0}],"is_beta":false,"boss_relics":[{"not_picked":["Calling Bell","Busted Crown"],"picked":"Fusion Hammer"},{"not_picked":["Pandora\u0027s Box","Black Star"],"picked":"Velvet Choker"}],"items_purged_floors":[37],"is_endless":false,"potions_floor_spawned":[1,12,13,18,22,23,29,31,36,38],"killed_by":"Writhing Mass","ascension_level":18}