{"gold_per_floor":[110,110,123,133,150,177,177,193,193,143,157,186,186,199,199,303,303,317,328,243,93,105,138,138,165,190,190,203,237,253,253,253,358,358,371,371,391,406,152,182,201,201,201,201,102,102,135,135,135,135,135,135,35,66,66],"floor_reached":55,"playtime":2590,"items_purged":["Defend_R","Defend_R+1"],"score":747,"play_id":"a0b7329a-6a61-47b7-b93b-f1bfa74ca14f","local_time":"20230908001629","is_ascension_mode":false,"campfire_choices":[{"data":"Bash","floor":7,"key":"SMITH"},{"data":"Perfected Strike","floor":13,"key":"SMITH"},{"data":"Clash","floor":15,"key":"SMITH"},{"floor":24,"key":"RECALL"},{"floor":32,"key":"REST"},{"floor":44,"key":"REST"},{"floor":49,"key":"REST"},{"floor":52,"key":"REST"}],"neow_cost":"NONE","seed_source_timestamp":2586072485899400,"circlet_count":0,"master_deck":["Strike_R+1","Strike_R+1","Strike_R+1","Strike_R+1","Strike_R+1","Bash+1","Twin Strike","Twin Strike","Battle Trance","Clash+1","Battle Trance","Perfected Strike+1","Reaper","Intimidate+1","Armaments","Flex","Spot Weakness+1","Seeing Red+1","Wild Strike","Reaper","Wild Strike","Wild Strike","Apotheosis","True Grit","Pommel Strike+1","Inflame+1"],"special_seed":0,"relics":["Burning Blood","Orichalcum","HornCleat","Letter Opener","Lizard Tail","Torii","Fusion Hammer","Blue Candle","Strawberry","Ornamental Fan","Ancient Tea Set","CaptainsWheel","Runic Dome","Bronze Scales","Pen Nib","Mummified Hand"],"potions_floor_usage":[12],"damage_taken":[{"damage":1,"enemies":"Jaw Worm","floor":1,"turns":3},{"damage":0,"enemies":"Small Slimes","floor":3,"turns":3},{"damage":0,"enemies":"Cultist","floor":4,"turns":3},{"damage":0,"enemies":"2 Fungi Beasts","floor":5,"turns":4},{"damage":6,"enemies":"3 Sentries","floor":6,"turns":8},{"damage":0,"enemies":"Exordium Wildlife","floor":8,"turns":2},{"damage":1,"enemies":"Large Slime","floor":11,"turns":5},{"damage":12,"enemies":"Lagavulin","floor":12,"turns":4},{"damage":7,"enemies":"3 Louse","floor":14,"turns":2},{"damage":14,"enemies":"Hexaghost","floor":16,"turns":6},{"damage":1,"enemies":"Chosen","floor":18,"turns":2},{"damage":8,"enemies":"2 Thieves","floor":19,"turns":3},{"damage":0,"enemies":"Snake Plant","floor":22,"turns":3},{"damage":12,"enemies":"Gremlin Leader","floor":23,"turns":6},{"damage":9,"enemies":"Slavers","floor":25,"turns":4},{"damage":7,"enemies":"Centurion and Healer","floor":28,"turns":3},{"damage":2,"enemies":"Gremlin Leader","floor":29,"turns":5},{"damage":7,"enemies":"Shelled Parasite and Fungi","floor":30,"turns":3},{"damage":40,"enemies":"Champ","floor":33,"turns":10},{"damage":1,"enemies":"3 Darklings","floor":35,"turns":4},{"damage":6,"enemies":"Orb Walker","floor":37,"turns":2},{"damage":9,"enemies":"Maw","floor":38,"turns":6},{"damage":40,"enemies":"Reptomancer","floor":40,"turns":6},{"damage":6,"enemies":"3 Darklings","floor":41,"turns":3},{"damage":36,"enemies":"Nemesis","floor":47,"turns":5},{"damage":107,"enemies":"Donu and Deca","floor":50,"turns":9},{"damage":83,"enemies":"Shield and Spear","floor":54,"turns":6},{"damage":1,"enemies":"The Heart","floor":55,"turns":1}],"seed_played":"-6174370212907189569","potions_obtained":[{"floor":1,"key":"GamblersBrew"},{"floor":4,"key":"Regen Potion"},{"floor":8,"key":"Dexterity Potion"},{"floor":12,"key":"DuplicationPotion"},{"floor":22,"key":"Dexterity Potion"}],"is_trial":false,"path_per_floor":["M","?","M","M","M","E","R","M","T","?","M","E","R","M","R","B",null,"M","M","?","$","M","E","R","E","T","?","M","E","M","?","R","B",null,"M","?","M","M","$","E","M","?","T","R","$","?","E","?","R","B",null,"R","$","E","B"],"character_chosen":"IRONCLAD","items_purchased":["Armaments","Flex","Wild Strike","Apotheosis","True Grit","CultistPotion"],"campfire_rested":4,"item_purchase_floors":[21,21,39,39,39,45],"current_hp_per_floor":[80,47,53,59,65,65,65,71,71,71,76,70,70,69,69,61,80,80,78,78,78,80,87,87,84,84,84,87,87,86,86,87,53,87,87,87,87,87,87,71,71,71,71,87,87,83,53,53,77,47,83,83,83,14,13],"gold":66,"neow_bonus":"RANDOM_COMMON_RELIC","is_prod":false,"is_daily":false,"chose_seed":false,"campfire_upgraded":3,"win_rate":0,"timestamp":1694157389,"path_taken":["M","?","M","M","M","E","R","M","T","?","M","E","R","M","R","BOSS","M","M","?","$","M","E","R","E","T","?","M","E","?","?","R","BOSS","M","?","M","M","$","E","M","?","T","R","$","?","E","?","R","BOSS","R","$","E","BOSS"],"build_version":"2022-12-18","purchased_purges":2,"victory":false,"max_hp_per_floor":[80,80,80,80,80,80,80,80,80,80,80,80,80,80,80,80,80,80,80,80,80,80,87,87,87,87,87,87,87,87,87,87,87,87,87,87,87,87,87,87,87,87,87,87,87,83,83,83,83,83,83,83,83,83,83],"card_choices":[{"not_picked":["Sever Soul","Evolve"],"picked":"Twin Strike","floor":1},{"not_picked":["Thunderclap","Flame Barrier"],"picked":"Twin Strike","floor":3},{"not_picked":["Wild Strike","Cleave"],"picked":"Battle Trance","floor":4},{"not_picked":["Dual Wield","Fire Breathing"],"picked":"Warcry","floor":5},{"not_picked":["Whirlwind","Clothesline"],"picked":"Clash","floor":6},{"not_picked":["Hemokinesis","Rupture"],"picked":"Battle Trance","floor":8},{"not_picked":["Rupture","Pummel","Infernal Blade"],"picked":"SKIP","floor":11},{"not_picked":["Rampage","True Grit"],"picked":"Perfected Strike","floor":12},{"not_picked":["Battle Trance","Flame Barrier","Clash"],"picked":"SKIP","floor":14},{"not_picked":["Demon Form","Corruption"],"picked":"Reaper","floor":16},{"not_picked":["Pommel Strike","Warcry+1"],"picked":"Intimidate+1","floor":18},{"not_picked":["Thunderclap+1","Burning Pact+1","Heavy Blade+1"],"picked":"SKIP","floor":19},{"not_picked":["Flex","Searing Blow"],"picked":"Spot Weakness+1","floor":22},{"not_picked":["Double Tap","Ghostly Armor","Seeing Red"],"picked":"SKIP","floor":23},{"not_picked":["Shockwave","True Grit","Cleave"],"picked":"SKIP","floor":25},{"not_picked":["Cleave","Iron Wave+1","Anger"],"picked":"SKIP","floor":28},{"not_picked":["Sentinel","Evolve+1"],"picked":"Seeing Red+1","floor":29},{"not_picked":["Dark Embrace","Armaments"],"picked":"Wild Strike","floor":30},{"not_picked":["Demon Form","Offering"],"picked":"Reaper","floor":33},{"not_picked":["Body Slam+1","Cleave+1","Headbutt"],"picked":"SKIP","floor":35},{"not_picked":["Body Slam+1","Sword Boomerang+1"],"picked":"Wild Strike","floor":37},{"not_picked":["Cleave","Fiend Fire","Iron Wave+1"],"picked":"SKIP","floor":38},{"not_picked":["Entrench","Body Slam"],"picked":"Pommel Strike+1","floor":40},{"not_picked":["Thunderclap","Warcry","Cleave+1"],"picked":"SKIP","floor":41},{"not_picked":["Armaments+1","Body Slam+1","Juggernaut"],"picked":"SKIP","floor":47},{"not_picked":["Havoc","Uppercut"],"picked":"Inflame+1","floor":54}],"player_experience":510239,"relics_obtained":[{"floor":6,"key":"Letter Opener"},{"floor":9,"key":"Lizard Tail"},{"floor":12,"key":"Torii"},{"floor":23,"key":"Strawberry"},{"floor":25,"key":"Ornamental Fan"},{"floor":26,"key":"Ancient Tea Set"},{"floor":29,"key":"CaptainsWheel"},{"floor":40,"key":"Bronze Scales"},{"floor":47,"key":"Pen Nib"},{"floor":54,"key":"Mummified Hand"}],"event_choices":[{"damage_healed":0,"gold_gain":0,"player_choice":"Success","damage_taken":33,"relics_obtained":["HornCleat"],"max_hp_gain":0,"max_hp_loss":0,"event_name":"Scrap Ooze","floor":2,"gold_loss":0},{"cards_removed":["Defend_R"],"damage_healed":0,"gold_gain":0,"player_choice":"Card Removal","damage_taken":0,"max_hp_gain":0,"max_hp_loss":0,"event_name":"The Cleric","floor":10,"gold_loss":50},{"damage_healed":0,"gold_gain":0,"player_choice":"Obtained Relic","damage_taken":0,"relics_obtained":["Blue Candle"],"max_hp_gain":0,"max_hp_loss":0,"event_name":"Addict","floor":20,"gold_loss":85},{"damage_healed":0,"gold_gain":0,"player_choice":"Bought 0 Potions","damage_taken":0,"max_hp_gain":0,"max_hp_loss":0,"event_name":"The Woman in Blue","floor":27,"gold_loss":0},{"damage_healed":0,"gold_gain":0,"player_choice":"Simplicity","damage_taken":0,"max_hp_gain":0,"max_hp_loss":0,"event_name":"Back to Basics","floor":31,"gold_loss":0,"cards_upgraded":["Strike_R","Strike_R","Strike_R","Strike_R","Strike_R","Defend_R","Defend_R"]},{"damage_healed":0,"gold_gain":0,"player_choice":"Memory 1","damage_taken":0,"max_hp_gain":0,"max_hp_loss":0,"event_name":"SensoryStone","floor":36,"gold_loss":0},{"cards_removed":["Warcry"],"damage_healed":0,"gold_gain":0,"player_choice":"Removed Skill","damage_taken":0,"max_hp_gain":0,"max_hp_loss":0,"event_name":"Falling","floor":42,"gold_loss":0},{"damage_healed":0,"gold_gain":0,"player_choice":"Max HP","damage_taken":0,"max_hp_gain":0,"max_hp_loss":4,"event_name":"Winding Halls","floor":46,"gold_loss":0},{"cards_removed":["Defend_R"],"damage_healed":0,"gold_gain":0,"player_choice":"Card Removal","damage_taken":0,"max_hp_gain":0,"max_hp_loss":0,"event_name":"Wheel of Change","floor":48,"gold_loss":0}],"is_beta":false,"boss_relics":[{"not_picked":["Runic Cube","Empty Cage"],"picked":"Fusion Hammer"},{"not_picked":["Black Blood","Calling Bell"],"picked":"Runic Dome"}],"items_purged_floors":[21,53],"is_endless":false,"potions_floor_spawned":[1,4,8,12,14,16,22,23,29,30,35,38,41],"killed_by":"The Heart","ascension_level":0}