{"gold_per_floor":[110,110,130,142,142,142,142,142,142,175,194,213,233,266,266,356,356,334,334,95,114,164,164,164,183,183,197,197,235,235,160,160,256,256,270,270,289,289,174,174,193,193,193,193,231,250,268,74,74,74],"floor_reached":51,"playtime":2759,"items_purged":["Strike_R","Strike_R","Strike_R"],"score":1351,"play_id":"759011cc-4b72-48b3-a72f-2188d516739c","local_time":"20230913015237","is_ascension_mode":true,"campfire_choices":[{"data":"Perfected Strike","floor":6,"key":"SMITH"},{"data":"Bash","floor":8,"key":"SMITH"},{"data":"Inflame","floor":15,"key":"SMITH"},{"data":"Corruption","floor":23,"key":"SMITH"},{"data":"Dark Embrace","floor":30,"key":"SMITH"},{"data":"True Grit","floor":32,"key":"SMITH"},{"data":"Demon Form","floor":40,"key":"SMITH"},{"data":"Feel No Pain","floor":42,"key":"SMITH"},{"data":"Master of Strategy","floor":49,"key":"SMITH"}],"neow_cost":"NONE","seed_source_timestamp":261417954423400,"circlet_count":0,"master_deck":["AscendersBane","Defend_R","Defend_R","Defend_R","Defend_R","Bash+1","Reaper","Twin Strike","Inflame+1","Thunderclap","Shrug It Off","Shockwave","True Grit+1","Rupture","Corruption+1","Shrug It Off+1","Dark Embrace+1","Exhume","Sword Boomerang+1","Bloodletting","Disarm","Fire Breathing","Impervious","Demon Form+1","Limit Break","Blind","Shrug It Off","Inflame","Feel No Pain+1","Master of Strategy+1","Sword Boomerang+1"],"relics":["Burning Blood","Golden Idol","Self Forming Clay","Meat on the Bone","Question Card","The Courier","Mark of Pain","Membership Card","Mummified Hand","Blue Candle","Dream Catcher","Snecko Eye","Bottled Tornado","Molten Egg 2","Darkstone Periapt"],"potions_floor_usage":[16,16,29,50],"damage_taken":[{"damage":10,"enemies":"2 Louse","floor":1,"turns":4},{"damage":9,"enemies":"Jaw Worm","floor":3,"turns":5},{"damage":10,"enemies":"Small Slimes","floor":4,"turns":3},{"damage":29,"enemies":"Gremlin Nob","floor":10,"turns":4},{"damage":3,"enemies":"3 Louse","floor":11,"turns":3},{"damage":8,"enemies":"Blue Slaver","floor":12,"turns":3},{"damage":11,"enemies":"Exordium Wildlife","floor":13,"turns":4},{"damage":23,"enemies":"Lagavulin","floor":14,"turns":7},{"damage":42,"enemies":"The Guardian","floor":16,"turns":14},{"damage":13,"enemies":"2 Thieves","floor":18,"turns":4},{"damage":24,"enemies":"Chosen","floor":21,"turns":7},{"damage":28,"enemies":"Shelled Parasite and Fungi","floor":25,"turns":4},{"damage":22,"enemies":"Sentry and Sphere","floor":27,"turns":6},{"damage":22,"enemies":"Slavers","floor":29,"turns":5},{"damage":74,"enemies":"Collector","floor":33,"turns":8},{"damage":0,"enemies":"Orb Walker","floor":35,"turns":3},{"damage":13,"enemies":"3 Darklings","floor":37,"turns":5},{"damage":10,"enemies":"Spire Growth","floor":41,"turns":4},{"damage":45,"enemies":"Reptomancer","floor":45,"turns":5},{"damage":1,"enemies":"Writhing Mass","floor":46,"turns":4},{"damage":5,"enemies":"Transient","floor":47,"turns":6},{"damage":20,"enemies":"Time Eater","floor":50,"turns":6}],"seed_played":"-3145294910005259939","potions_obtained":[{"floor":1,"key":"HeartOfIron"},{"floor":11,"key":"ElixirPotion"},{"floor":16,"key":"FearPotion"},{"floor":18,"key":"ColorlessPotion"},{"floor":41,"key":"SteroidPotion"},{"floor":45,"key":"SteroidPotion"}],"is_trial":false,"path_per_floor":["M","$","M","M","?","R","T","R","T","E","M","M","M","E","R","B",null,"M","?","$","M","?","R","T","M","T","M","?","E","R","?","R","B",null,"M","?","M","?","$","R","M","R","T","?","E","M","M","$","R","B",null],"character_chosen":"IRONCLAD","items_purchased":["Membership Card","Exhume","Shrug It Off","Inflame","Feel No Pain","Master of Strategy","Sword Boomerang+1","PowerPotion"],"campfire_rested":0,"item_purchase_floors":[20,20,39,39,39,48,48,48],"current_hp_per_floor":[67,67,68,68,42,42,42,42,42,40,55,53,48,52,52,34,65,70,70,70,52,52,52,52,52,52,48,48,51,51,51,51,28,63,69,69,75,71,71,71,67,67,67,67,67,71,71,71,71,57],"gold":74,"neow_bonus":"ONE_RANDOM_RARE_CARD","is_prod":false,"is_daily":false,"chose_seed":false,"campfire_upgraded":9,"win_rate":0,"timestamp":1694595157,"path_taken":["M","$","M","M","?","R","?","R","T","E","M","M","M","E","R","BOSS","M","?","$","M","?","R","?","?","T","M","?","E","R","?","R","BOSS","M","?","M","?","$","R","M","R","T","?","E","?","M","$","R","BOSS"],"build_version":"2022-12-18","purchased_purges":3,"victory":true,"max_hp_per_floor":[75,75,75,75,75,75,75,75,75,75,75,75,75,75,75,75,75,75,75,75,75,75,75,75,75,75,75,75,75,75,75,75,75,75,75,75,75,71,71,71,71,71,71,71,71,71,71,71,71,71],"card_choices":[{"not_picked":["Seeing Red","Sword Boomerang"],"picked":"Twin Strike","floor":1},{"not_picked":["Bloodletting","Flex"],"picked":"Perfected Strike","floor":3},{"not_picked":["Anger","Carnage"],"picked":"Inflame","floor":4},{"not_picked":["Anger","Havoc"],"picked":"Thunderclap","floor":10},{"not_picked":["Blood for Blood","Body Slam","Thunderclap"],"picked":"Shrug It Off","floor":11},{"not_picked":["Clothesline","Searing Blow","Barricade"],"picked":"Shockwave","floor":12},{"not_picked":["Body Slam","Clothesline","Headbutt"],"picked":"True Grit","floor":13},{"not_picked":["Sever Soul","Infernal Blade","Clash"],"picked":"Rupture","floor":14},{"not_picked":["Barricade","Exhume","Feed"],"picked":"Corruption","floor":16},{"not_picked":["True Grit","Sword Boomerang","Clash"],"picked":"Shrug It Off+1","floor":18},{"not_picked":["Pummel","Twin Strike","Wild Strike"],"picked":"Sword Boomerang+1","floor":21},{"not_picked":["Perfected Strike","Clash","Battle Trance"],"picked":"Bloodletting","floor":25},{"not_picked":["Heavy Blade","Ghostly Armor","Pommel Strike"],"picked":"Disarm","floor":27},{"not_picked":["Warcry","Iron Wave","Shrug It Off"],"picked":"Demon Form","floor":29},{"not_picked":["Bludgeon","Demon Form","Fiend Fire"],"picked":"Limit Break","floor":33},{"not_picked":["Armaments","Heavy Blade","Thunderclap+1","Flex+1"],"picked":"SKIP","floor":35},{"not_picked":["Dramatic Entrance","Trip","Secret Technique"],"picked":"Blind","floor":36},{"not_picked":["Wild Strike","Bloodletting+1","Dual Wield","Body Slam"],"picked":"SKIP","floor":37},{"not_picked":["Hemokinesis","Sever Soul","Havoc+1","Perfected Strike+1"],"picked":"SKIP","floor":41},{"not_picked":["Flame Barrier","Carnage+1","Anger+1","Berserk"],"picked":"SKIP","floor":45},{"not_picked":["Thunderclap+1","Wild Strike+1","Bloodletting","Seeing Red"],"picked":"SKIP","floor":46},{"not_picked":["Power Through","Second Wind+1","Disarm+1","Pommel Strike+1"],"picked":"SKIP","floor":47}],"player_experience":566313,"relics_obtained":[{"floor":7,"key":"Self Forming Clay"},{"floor":9,"key":"Meat on the Bone"},{"floor":10,"key":"Question Card"},{"floor":14,"key":"The Courier"},{"floor":24,"key":"Mummified Hand"},{"floor":26,"key":"Blue Candle"},{"floor":29,"key":"Dream Catcher"},{"floor":43,"key":"Bottled Tornado"},{"floor":45,"key":"Darkstone Periapt"}],"event_choices":[{"damage_healed":0,"gold_gain":0,"player_choice":"Take Damage","damage_taken":26,"relics_obtained":["Golden Idol"],"max_hp_gain":0,"max_hp_loss":0,"event_name":"Golden Idol","floor":5,"gold_loss":0},{"damage_healed":0,"gold_gain":0,"player_choice":"Read","damage_taken":0,"max_hp_gain":0,"max_hp_loss":0,"event_name":"The Library","floor":19,"gold_loss":0,"cards_obtained":["Dark Embrace"]},{"damage_healed":0,"gold_gain":50,"player_choice":"Stole From Cult","damage_taken":0,"max_hp_gain":0,"max_hp_loss":0,"event_name":"Nest","floor":22,"gold_loss":0},{"damage_healed":0,"gold_gain":0,"cards_transformed":["Perfected Strike","Strike_R"],"player_choice":"Became Test Subject","damage_taken":0,"max_hp_gain":0,"max_hp_loss":0,"event_name":"Drug Dealer","floor":28,"gold_loss":0,"cards_obtained":["Fire Breathing","Impervious"]},{"cards_removed":["Strike_R"],"damage_healed":0,"gold_gain":0,"player_choice":"Gave Gold","damage_taken":0,"max_hp_gain":0,"max_hp_loss":0,"event_name":"Beggar","floor":31,"gold_loss":75},{"damage_healed":0,"gold_gain":0,"player_choice":"Memory 1","damage_taken":0,"max_hp_gain":0,"max_hp_loss":0,"event_name":"SensoryStone","floor":36,"gold_loss":0},{"damage_healed":0,"gold_gain":0,"player_choice":"Max HP","damage_taken":0,"max_hp_gain":0,"max_hp_loss":4,"event_name":"Winding Halls","floor":38,"gold_loss":0},{"damage_healed":0,"gold_gain":0,"player_choice":"Gave Potion","damage_taken":0,"relics_obtained":["Molten Egg 2"],"max_hp_gain":0,"max_hp_loss":0,"event_name":"WeMeetAgain","floor":44,"gold_loss":0}],"is_beta":false,"boss_relics":[{"not_picked":["Fusion Hammer","Velvet Choker"],"picked":"Mark of Pain"},{"not_picked":["SlaversCollar","Runic Dome"],"picked":"Snecko Eye"}],"items_purged_floors":[20,39,48],"is_endless":false,"potions_floor_spawned":[1,11,16,18,41,45,46],"ascension_level":19}