{"gold_per_floor":[114,26,39,39,55,55,15,15,15,40,40,60,72,88,88,161,161,178,197,197,43,43],"floor_reached":22,"playtime":972,"items_purged":["Strike_R"],"score":353,"play_id":"c93edab2-9f29-4937-a713-53a30c58c03d","local_time":"20230910143954","is_ascension_mode":true,"campfire_choices":[{"data":"Bash","floor":6,"key":"SMITH"},{"data":"Headbutt","floor":8,"key":"SMITH"},{"data":"Flame Barrier","floor":11,"key":"SMITH"},{"data":"Shrug It Off","floor":15,"key":"SMITH"}],"neow_cost":"NONE","seed_source_timestamp":50049072611500,"circlet_count":0,"master_deck":["AscendersBane","Strike_R","Strike_R","Strike_R","Defend_R","Defend_R","Defend_R","Defend_R","Bash+1","Flame Barrier+1","Metallicize","Entrench","Headbutt+1","Disarm","Warcry","Bloodletting","Shrug It Off+1","Barricade","Warcry","Rupture+1","Inflame"],"relics":["Burning Blood","PreservedInsect","Lantern","Cursed Key"],"potions_floor_usage":[10,14,16,16,22],"damage_taken":[{"damage":4,"enemies":"2 Louse","floor":1,"turns":3},{"damage":4,"enemies":"Small Slimes","floor":3,"turns":4},{"damage":6,"enemies":"Cultist","floor":5,"turns":5},{"damage":5,"enemies":"Gremlin Nob","floor":10,"turns":3},{"damage":15,"enemies":"Gremlin Gang","floor":12,"turns":6},{"damage":2,"enemies":"2 Fungi Beasts","floor":13,"turns":3},{"damage":12,"enemies":"Lots of Slimes","floor":14,"turns":5},{"damage":18,"enemies":"Hexaghost","floor":16,"turns":9},{"damage":25,"enemies":"Shell Parasite","floor":18,"turns":9},{"damage":9,"enemies":"3 Byrds","floor":19,"turns":5},{"damage":59,"enemies":"Cultist and Chosen","floor":22,"turns":7}],"seed_played":"-914186239479927802","potions_obtained":[{"floor":1,"key":"SpeedPotion"},{"floor":5,"key":"LiquidBronze"},{"floor":7,"key":"AttackPotion"},{"floor":13,"key":"GamblersBrew"},{"floor":14,"key":"ColorlessPotion"},{"floor":18,"key":"FearPotion"}],"is_trial":false,"path_per_floor":["M","$","M","?","M","R","?","R","T","E","R","M","M","M","R","B",null,"M","M","?","$","M"],"character_chosen":"IRONCLAD","items_purchased":["Metallicize","Inflame"],"campfire_rested":0,"item_purchase_floors":[2,21],"current_hp_per_floor":[77,77,79,79,79,79,79,79,79,80,80,71,75,69,69,57,76,57,54,54,54,0],"gold":43,"neow_bonus":"TEN_PERCENT_HP_BONUS","is_prod":false,"is_daily":false,"chose_seed":false,"campfire_upgraded":4,"win_rate":0,"timestamp":1694381994,"path_taken":["M","$","M","?","M","R","?","R","T","E","R","M","M","M","R","BOSS","M","M","?","$","?"],"build_version":"2022-12-18","purchased_purges":1,"victory":false,"max_hp_per_floor":[82,82,82,82,82,82,82,82,82,82,82,82,82,82,82,82,82,82,82,82,82,82],"card_choices":[{"not_picked":["Flex","Headbutt"],"picked":"Flame Barrier","floor":1},{"not_picked":["Armaments","Perfected Strike"],"picked":"Entrench","floor":3},{"not_picked":["Disarm","Uppercut"],"picked":"Headbutt","floor":5},{"not_picked":["Rampage","Clash"],"picked":"Disarm","floor":10},{"not_picked":["Clash","Havoc"],"picked":"Warcry","floor":12},{"not_picked":["Searing Blow","Dark Embrace"],"picked":"Bloodletting","floor":13},{"not_picked":["Flex","Berserk"],"picked":"Shrug It Off","floor":14},{"not_picked":["Berserk","Reaper"],"picked":"Barricade","floor":16},{"not_picked":["Sword Boomerang+1","Reckless Charge+1"],"picked":"Warcry","floor":18},{"not_picked":["Headbutt","Armaments"],"picked":"Rupture+1","floor":19}],"player_experience":538813,"relics_obtained":[{"floor":9,"key":"PreservedInsect"},{"floor":10,"key":"Lantern"}],"event_choices":[{"damage_healed":0,"gold_gain":0,"player_choice":"Ignored","damage_taken":0,"max_hp_gain":0,"max_hp_loss":0,"event_name":"Liars Game","floor":4,"gold_loss":0},{"damage_healed":0,"gold_gain":0,"player_choice":"Bought 3 Potions","damage_taken":0,"max_hp_gain":0,"max_hp_loss":0,"event_name":"The Woman in Blue","floor":7,"gold_loss":0},{"cards_removed":["Strike_R"],"damage_healed":0,"gold_gain":0,"player_choice":"Purged","damage_taken":0,"max_hp_gain":0,"max_hp_loss":0,"event_name":"Purifier","floor":20,"gold_loss":0}],"is_beta":false,"boss_relics":[{"not_picked":["SlaversCollar","Philosopher\u0027s Stone"],"picked":"Cursed Key"}],"items_purged_floors":[21],"is_endless":false,"potions_floor_spawned":[1,5,13,14,18],"killed_by":"Cultist and Chosen","ascension_level":18}