{"gold_per_floor":[15,28,28,42,42,42,58,74,74,74,74,74,74,93,93,218,218,232,332,351,365,365,365,380,380,680,699,480,480,335,350,350,448,448,459,389,404,404,247,247,247,247,294,319,331,353,365,395,407,419],"floor_reached":51,"playtime":880,"items_purged":["Strike_R","Strike_R"],"score":689,"play_id":"568d0dfe-5917-434b-9508-10c319912f2d","local_time":"20230912053142","is_ascension_mode":false,"campfire_choices":[{"data":"Bash","floor":6,"key":"SMITH"},{"data":"Uppercut","floor":11,"key":"SMITH"},{"data":"Whirlwind","floor":15,"key":"SMITH"},{"data":"Strike_R","floor":23,"key":"PURGE"},{"data":"Offering","floor":29,"key":"SMITH"},{"data":"Sword Boomerang","floor":32,"key":"SMITH"},{"floor":40,"key":"REST"},{"data":"Defend_R","floor":45,"key":"PURGE"},{"data":"Strike_R","floor":49,"key":"PURGE"}],"neow_cost":"NO_GOLD","seed_source_timestamp":190043862825400,"circlet_count":0,"master_deck":["Strike_R+1","Defend_R","Defend_R","Defend_R","Bash+1","Uppercut+1","Whirlwind+1","Whirlwind+1","Sword Boomerang+1","Shrug It Off","Offering+1","Hemokinesis+1","Heavy Blade+1","Shrug It Off","Reaper","Battle Trance","Flex","Double Tap+1","Uppercut+1","Spot Weakness+1"],"relics":["Burning Blood","Peace Pipe","Bloody Idol","Paper Frog","Velvet Choker","Old Coin","Sling","Fusion Hammer","MawBank"],"potions_floor_usage":[16,33,50,50,50,50,50],"damage_taken":[{"damage":6,"enemies":"Cultist","floor":1,"turns":3},{"damage":1,"enemies":"Jaw Worm","floor":2,"turns":3},{"damage":2,"enemies":"2 Louse","floor":4,"turns":2},{"damage":5,"enemies":"Blue Slaver","floor":7,"turns":3},{"damage":10,"enemies":"Looter","floor":8,"turns":3},{"damage":3,"enemies":"Gremlin Gang","floor":14,"turns":3},{"damage":34,"enemies":"The Guardian","floor":16,"turns":10},{"damage":2,"enemies":"Chosen","floor":18,"turns":3},{"damage":18,"enemies":"Shell Parasite","floor":20,"turns":3},{"damage":17,"enemies":"Snake Plant","floor":21,"turns":3},{"damage":6,"enemies":"3 Cultists","floor":24,"turns":2},{"damage":12,"enemies":"Cultist and Chosen","floor":27,"turns":3},{"damage":17,"enemies":"Snecko","floor":31,"turns":3},{"damage":24,"enemies":"Collector","floor":33,"turns":5},{"damage":7,"enemies":"Orb Walker","floor":35,"turns":2},{"damage":6,"enemies":"3 Darklings","floor":37,"turns":1},{"damage":27,"enemies":"Writhing Mass","floor":44,"turns":4},{"damage":42,"enemies":"Sphere and 2 Shapes","floor":46,"turns":4},{"damage":6,"enemies":"3 Darklings","floor":48,"turns":1},{"damage":50,"enemies":"Awakened One","floor":50,"turns":5}],"seed_played":"6161600914979981511","potions_obtained":[{"floor":1,"key":"EssenceOfSteel"},{"floor":4,"key":"DuplicationPotion"},{"floor":8,"key":"Fire Potion"},{"floor":20,"key":"DuplicationPotion"},{"floor":31,"key":"Regen Potion"},{"floor":35,"key":"EntropicBrew"},{"floor":48,"key":"DuplicationPotion"}],"is_trial":false,"path_per_floor":["M","M","$","M","?","R","M","M","T","$","R","?","T","M","R","B",null,"M","?","M","M","?","R","M","?","T","M","$","R","$","M","R","B",null,"M","$","M","?","$","R","?","$","T","M","R","M","?","M","R","B",null],"character_chosen":"IRONCLAD","items_purchased":["Sling","Shrug It Off","Battle Trance","Double Tap"],"campfire_rested":1,"item_purchase_floors":[28,30,36,39],"current_hp_per_floor":[80,80,80,80,64,64,65,61,61,61,61,41,41,44,44,16,80,80,80,68,57,80,80,80,80,80,79,79,79,79,73,73,60,80,80,80,80,80,80,80,80,80,80,64,69,51,56,80,80,36],"gold":431,"neow_bonus":"ONE_RARE_RELIC","is_prod":false,"is_daily":false,"chose_seed":false,"campfire_upgraded":5,"win_rate":0,"timestamp":1694521902,"path_taken":["M","?","$","M","?","R","M","M","T","$","R","?","?","M","R","BOSS","M","?","M","?","?","R","M","?","T","M","$","R","$","M","R","BOSS","M","$","M","?","$","R","?","$","T","M","R","?","?","M","R","BOSS"],"build_version":"2022-12-18","purchased_purges":2,"victory":true,"max_hp_per_floor":[80,80,80,80,80,80,80,80,80,80,80,80,80,80,80,80,80,80,80,80,80,80,80,80,80,80,80,80,80,80,80,80,80,80,80,80,80,80,80,80,80,80,80,80,80,80,80,80,80,80],"card_choices":[{"not_picked":["Warcry","Feel No Pain"],"picked":"Uppercut","floor":1},{"not_picked":["True Grit","Pommel Strike"],"picked":"Whirlwind","floor":2},{"not_picked":["Rampage","Cleave"],"picked":"Whirlwind","floor":4},{"not_picked":["Clash","Clothesline","Wild Strike"],"picked":"SKIP","floor":7},{"not_picked":["Shrug It Off","Armaments"],"picked":"Sword Boomerang","floor":8},{"not_picked":["Anger","Perfected Strike"],"picked":"Shrug It Off","floor":14},{"not_picked":["Impervious","Juggernaut"],"picked":"Offering","floor":16},{"not_picked":["Havoc+1","Twin Strike","Armaments"],"picked":"SKIP","floor":18},{"not_picked":["Pommel Strike+1","Power Through","Iron Wave"],"picked":"SKIP","floor":20},{"not_picked":["Uppercut+1","Shockwave"],"picked":"Hemokinesis+1","floor":21},{"not_picked":["Uppercut","Armaments"],"picked":"Heavy Blade+1","floor":24},{"not_picked":["Perfected Strike","Sword Boomerang","Evolve"],"picked":"SKIP","floor":27},{"not_picked":["Headbutt","Armaments","Reckless Charge"],"picked":"SKIP","floor":31},{"not_picked":["Fiend Fire","Feed"],"picked":"Reaper","floor":33},{"not_picked":["Clash+1","Havoc+1","Perfected Strike+1"],"picked":"SKIP","floor":35},{"not_picked":["Warcry+1","Perfected Strike+1"],"picked":"Flex","floor":37},{"not_picked":["Thunderclap+1","Twin Strike+1"],"picked":"Spot Weakness+1","floor":44},{"not_picked":["Pummel+1","Clash+1","Armaments"],"picked":"SKIP","floor":46},{"not_picked":["Thunderclap+1","Body Slam+1","Anger"],"picked":"SKIP","floor":48}],"player_experience":563866,"relics_obtained":[{"floor":13,"key":"Paper Frog"},{"floor":26,"key":"Old Coin"},{"floor":43,"key":"MawBank"}],"event_choices":[{"damage_healed":0,"gold_gain":0,"player_choice":"Entered Light","damage_taken":16,"max_hp_gain":0,"max_hp_loss":0,"event_name":"Shining Light","floor":5,"gold_loss":0,"cards_upgraded":["Strike_R","Whirlwind"]},{"damage_healed":0,"gold_gain":0,"player_choice":"Take Damage","damage_taken":20,"relics_obtained":["Golden Idol"],"max_hp_gain":0,"max_hp_loss":0,"event_name":"Golden Idol","floor":12,"gold_loss":0},{"damage_healed":0,"gold_gain":100,"player_choice":"Pray","damage_taken":0,"max_hp_gain":0,"max_hp_loss":0,"event_name":"Golden Shrine","floor":19,"gold_loss":0},{"damage_healed":26,"gold_gain":0,"player_choice":"Heal","damage_taken":0,"max_hp_gain":0,"max_hp_loss":0,"event_name":"The Library","floor":22,"gold_loss":0},{"damage_healed":0,"gold_gain":0,"player_choice":"Gave Idol","damage_taken":0,"relics_obtained":["Bloody Idol"],"max_hp_gain":0,"max_hp_loss":0,"event_name":"Forgotten Altar","floor":25,"relics_lost":["Golden Idol"],"gold_loss":0},{"damage_healed":0,"gold_gain":0,"player_choice":"Ignored","damage_taken":0,"max_hp_gain":0,"max_hp_loss":0,"event_name":"Mysterious Sphere","floor":38,"gold_loss":0},{"damage_healed":0,"gold_gain":0,"player_choice":"Copied","damage_taken":0,"max_hp_gain":0,"max_hp_loss":0,"event_name":"Duplicator","floor":41,"gold_loss":0,"cards_obtained":["Uppercut"]},{"damage_healed":0,"gold_gain":0,"player_choice":"Forge","damage_taken":0,"max_hp_gain":0,"max_hp_loss":0,"event_name":"Accursed Blacksmith","floor":47,"gold_loss":0,"cards_upgraded":["Double Tap"]}],"is_beta":false,"boss_relics":[{"not_picked":["Ectoplasm","Pandora\u0027s Box"],"picked":"Velvet Choker"},{"not_picked":["SacredBark","Empty Cage"],"picked":"Fusion Hammer"}],"items_purged_floors":[28,30],"is_endless":false,"potions_floor_spawned":[1,4,8,20,27,31,35,46,48],"ascension_level":0}