{"gold_per_floor":[19,19,19,33,52,52,68,82,136,150,150,150,53,91,91,91],"floor_reached":16,"playtime":579,"items_purged":[],"score":189,"play_id":"d79fcc86-b119-4fdd-b642-32842c2a5b37","local_time":"20230907132710","is_ascension_mode":true,"campfire_choices":[{"data":"Flame Barrier","floor":6,"key":"SMITH"},{"data":"Body Slam","floor":11,"key":"SMITH"},{"floor":15,"key":"REST"}],"neow_cost":"NO_GOLD","seed_source_timestamp":2549164133868300,"circlet_count":0,"master_deck":["AscendersBane","Strike_R","Strike_R","Strike_R","Strike_R","Defend_R","Defend_R","Defend_R","Bash+1","Intimidate","Flame Barrier+1","Shrug It Off","Body Slam+1","Inflame","Panacea","Body Slam"],"relics":["Burning Blood","Strawberry","Golden Idol","Mercury Hourglass"],"potions_floor_usage":[16],"damage_taken":[{"damage":7,"enemies":"Small Slimes","floor":1,"turns":4},{"damage":2,"enemies":"2 Louse","floor":4,"turns":3},{"damage":24,"enemies":"Jaw Worm","floor":5,"turns":6},{"damage":0,"enemies":"Blue Slaver","floor":7,"turns":6},{"damage":0,"enemies":"2 Fungi Beasts","floor":8,"turns":4},{"damage":5,"enemies":"Exordium Thugs","floor":10,"turns":5},{"damage":20,"enemies":"Lagavulin","floor":14,"turns":11},{"damage":55,"enemies":"Slime Boss","floor":16,"turns":9}],"seed_played":"-87762194090504875","potions_obtained":[{"floor":1,"key":"DistilledChaos"},{"floor":4,"key":"LiquidBronze"},{"floor":10,"key":"HeartOfIron"}],"is_trial":false,"path_per_floor":["M","?","?","M","M","R","M","M","T","M","R","?","$","E","R","B"],"character_chosen":"IRONCLAD","items_purchased":["Panacea"],"campfire_rested":1,"item_purchase_floors":[13],"current_hp_per_floor":[67,67,67,71,53,53,59,65,72,73,73,45,45,31,55,0],"gold":91,"neow_bonus":"REMOVE_TWO","is_prod":false,"is_daily":false,"chose_seed":false,"campfire_upgraded":2,"win_rate":0,"timestamp":1694118430,"path_taken":["M","?","?","M","M","R","M","M","T","M","R","?","$","E","R","BOSS"],"build_version":"2022-12-18","purchased_purges":0,"victory":false,"max_hp_per_floor":[75,75,75,75,75,75,75,75,82,82,82,82,82,82,82,82],"card_choices":[{"not_picked":["Seeing Red","Warcry"],"picked":"Intimidate","floor":1},{"not_picked":["Havoc","Uppercut"],"picked":"Flame Barrier","floor":4},{"not_picked":["Clash","Intimidate"],"picked":"Shrug It Off","floor":5},{"not_picked":["Second Wind","Dark Embrace","Headbutt"],"picked":"SKIP","floor":7},{"not_picked":["Pommel Strike","Perfected Strike"],"picked":"Body Slam","floor":8},{"not_picked":["True Grit","Pommel Strike"],"picked":"Inflame","floor":10},{"not_picked":["Shrug It Off","Heavy Blade"],"picked":"Body Slam","floor":14}],"player_experience":503872,"relics_obtained":[{"floor":9,"key":"Strawberry"},{"floor":14,"key":"Mercury Hourglass"}],"event_choices":[{"damage_healed":0,"gold_gain":0,"player_choice":"Grow","damage_taken":0,"max_hp_gain":0,"max_hp_loss":0,"event_name":"Living Wall","floor":2,"gold_loss":0,"cards_upgraded":["Bash"]},{"damage_healed":0,"gold_gain":0,"player_choice":"Ignored","damage_taken":0,"max_hp_gain":0,"max_hp_loss":0,"event_name":"Liars Game","floor":3,"gold_loss":0},{"damage_healed":0,"gold_gain":0,"player_choice":"Take Damage","damage_taken":28,"relics_obtained":["Golden Idol"],"max_hp_gain":0,"max_hp_loss":0,"event_name":"Golden Idol","floor":12,"gold_loss":0}],"is_beta":false,"boss_relics":[],"items_purged_floors":[],"is_endless":false,"potions_floor_spawned":[1,4,10],"killed_by":"Slime Boss","ascension_level":17}