{"gold_per_floor":[111,123,273,40,40,40,55,55,55,65,65,80,99,132,132,209,209,220,236,252,268,268,268,90,90,90,5,39,39,39,53,53,124,124,136,0,0,17,17,17,29,29,29,40,40,65,65,65,65,65],"floor_reached":51,"playtime":2004,"items_purged":["Doubt"],"score":1244,"play_id":"165751c9-dd7f-4a70-80fb-0acdf3c37488","local_time":"20230910154924","is_ascension_mode":true,"campfire_choices":[{"data":"Flame Barrier","floor":6.0,"key":"SMITH"},{"data":"Spot Weakness","floor":11.0,"key":"SMITH"},{"data":"Pummel","floor":15.0,"key":"SMITH"},{"data":"Rage","floor":23.0,"key":"SMITH"},{"floor":25.0,"key":"REST"},{"floor":32.0,"key":"REST"},{"floor":40.0,"key":"REST"},{"floor":47,"key":"REST"},{"floor":49,"key":"REST"}],"neow_cost":"NONE","seed_source_timestamp":53111653269500,"circlet_count":0,"master_deck":["AscendersBane","Strike_R+1","Strike_R+1","Strike_R+1","Defend_R+1","Defend_R+1","Defend_R+1","Defend_R+1","Bash+1","Flame Barrier+1","Spot Weakness+1","Pommel Strike+1","Battle Trance","Pummel+1","Flex","Offering","Twin Strike","Bloodletting","Rage+1","Pummel","Shrug It Off+1","Limit Break+1","Bloodletting+1","Spot Weakness+1","Headbutt+1","Thinking Ahead+1"],"special_seed":0,"relics":["Burning Blood","Akabeko","Letter Opener","Toy Ornithopter","Cursed Key","Toxic Egg 2","Potion Belt","Singing Bowl","Fusion Hammer","Red Mask","Lizard Tail"],"potions_floor_usage":[46,46,50],"damage_taken":[{"damage":12.0,"enemies":"Jaw Worm","floor":1.0,"turns":3.0},{"damage":2.0,"enemies":"Small Slimes","floor":2.0,"turns":3.0},{"damage":1.0,"enemies":"Cultist","floor":7.0,"turns":4.0},{"damage":8.0,"enemies":"Blue Slaver","floor":10.0,"turns":3.0},{"damage":7.0,"enemies":"Looter","floor":12.0,"turns":3.0},{"damage":3.0,"enemies":"3 Louse","floor":13.0,"turns":4.0},{"damage":14.0,"enemies":"Lagavulin","floor":14.0,"turns":6.0},{"damage":26.0,"enemies":"Slime Boss","floor":16.0,"turns":8.0},{"damage":20.0,"enemies":"2 Thieves","floor":18.0,"turns":4.0},{"damage":0.0,"enemies":"Chosen","floor":19.0,"turns":3.0},{"damage":17.0,"enemies":"Shelled Parasite and Fungi","floor":20.0,"turns":2.0},{"damage":22.0,"enemies":"Sentry and Sphere","floor":21.0,"turns":5.0},{"damage":21.0,"enemies":"Book of Stabbing","floor":28.0,"turns":4.0},{"damage":9.0,"enemies":"Snake Plant","floor":31.0,"turns":2.0},{"damage":31.0,"enemies":"Champ","floor":33.0,"turns":8.0},{"damage":13.0,"enemies":"3 Darklings","floor":35.0,"turns":5.0},{"damage":1.0,"enemies":"3 Shapes","floor":38.0,"turns":5.0},{"damage":26.0,"enemies":"Spire Growth","floor":41.0,"turns":5.0},{"damage":9,"enemies":"3 Darklings","floor":44,"turns":7},{"damage":29,"enemies":"Mind Bloom Boss Battle","floor":46,"turns":6},{"damage":32,"enemies":"Donu and Deca","floor":50,"turns":6}],"seed_played":"-2563575384824782585","potions_obtained":[{"floor":1.0,"key":"GamblersBrew"},{"floor":7.0,"key":"SneckoOil"},{"floor":13.0,"key":"ColorlessPotion"},{"floor":20.0,"key":"LiquidMemories"},{"floor":28.0,"key":"Strength Potion"},{"floor":31.0,"key":"PowerPotion"},{"floor":33.0,"key":"PowerPotion"},{"floor":38.0,"key":"Swift Potion"}],"is_trial":false,"path_per_floor":["M","M","?","$","?","R","M","?","T","M","R","M","M","E","R","B",null,"M","M","M","M","?","R","$","R","T","?","E","T","?","M","R","B",null,"M","?","?","M","?","R","M","?","T","M","?","?","R","?","R","B",null],"character_chosen":"IRONCLAD","items_purchased":["Akabeko","Metallicize","Pummel"],"campfire_rested":5,"item_purchase_floors":[4,24,24],"current_hp_per_floor":[62,66,66,66,59,59,64,64,64,62,62,61,64,56,56,36,65,51,57,46,35,35,35,35,57,57,57,42,42,42,41,64,49,70,65,65,65,72,72,81,63,63,63,60,60,47,70,70,79,53],"gold":65,"neow_bonus":"UPGRADE_CARD","is_prod":false,"is_daily":false,"chose_seed":false,"campfire_upgraded":4,"win_rate":0,"timestamp":1694386164,"path_taken":["M","M","?","$","?","R","M","?","T","M","R","M","M","E","R","BOSS","M","?","M","M","?","R","$","R","T","?","E","?","?","?","R","BOSS","M","?","?","?","?","R","M","?","T","M","?","?","R","?","R","BOSS"],"build_version":"2022-12-18","purchased_purges":1,"victory":true,"max_hp_per_floor":[75,75,75,75,75,75,75,75,75,75,75,75,75,75,75,75,75,75,75,75,75,75,75,75,75,75,75,75,75,75,77,77,77,77,79,79,79,81,81,81,83,83,83,83,79,79,79,79,79,79],"card_choices":[{"not_picked":["Flex","Perfected Strike"],"picked":"Flame Barrier","floor":1.0},{"not_picked":["Sword Boomerang","Body Slam"],"picked":"Spot Weakness","floor":2.0},{"not_picked":["Cleave","Clash"],"picked":"Pommel Strike","floor":7.0},{"not_picked":["Cleave","Perfected Strike","Rage"],"picked":"SKIP","floor":10.0},{"not_picked":["Entrench","Hemokinesis"],"picked":"Battle Trance","floor":12.0},{"not_picked":["Headbutt","Iron Wave"],"picked":"Pummel","floor":13.0},{"not_picked":["Perfected Strike","Carnage"],"picked":"Flex","floor":14.0},{"not_picked":["Juggernaut","Brutality"],"picked":"Offering","floor":16.0},{"not_picked":["Metallicize","Dark Embrace"],"picked":"Twin Strike","floor":18.0},{"not_picked":["Flex","Cleave","Rupture"],"picked":"SKIP","floor":19.0},{"not_picked":["Reckless Charge","Havoc+1"],"picked":"Bloodletting","floor":20.0},{"not_picked":["Cleave","Wild Strike"],"picked":"Rage","floor":21.0},{"not_picked":["Double Tap+1","Cleave+1"],"picked":"Shrug It Off+1","floor":28.0},{"not_picked":["Uppercut","Power Through+1","Pommel Strike"],"picked":"Singing Bowl","floor":31.0},{"not_picked":["Juggernaut","Exhume+1"],"picked":"Limit Break+1","floor":33.0},{"not_picked":["Anger+1","Evolve","Rupture+1"],"picked":"Singing Bowl","floor":35.0},{"not_picked":["Dark Embrace","Thunderclap+1","Evolve"],"picked":"Singing Bowl","floor":38.0},{"not_picked":["Hemokinesis+1","Pommel Strike","Havoc+1"],"picked":"Singing Bowl","floor":41.0},{"not_picked":["Rupture+1","Body Slam"],"picked":"Spot Weakness+1","floor":44},{"not_picked":["Feel No Pain","Warcry+1"],"picked":"Headbutt+1","floor":46},{"not_picked":["Madness+1","Bandage Up+1"],"picked":"Thinking Ahead+1","floor":48}],"player_experience":541844,"relics_obtained":[{"floor":9.0,"key":"Letter Opener"},{"floor":14.0,"key":"Toy Ornithopter"},{"floor":26.0,"key":"Toxic Egg 2"},{"floor":28.0,"key":"Singing Bowl"},{"floor":46,"key":"Lizard Tail"}],"event_choices":[{"damage_healed":0.0,"max_hp_gain":0.0,"max_hp_loss":0.0,"gold_gain":150.0,"event_name":"Liars Game","player_choice":"AGREE","floor":3.0,"gold_loss":0.0,"damage_taken":0.0,"cards_obtained":["Doubt"]},{"cards_removed":["Strike_R"],"damage_healed":0.0,"max_hp_gain":0.0,"max_hp_loss":0.0,"gold_gain":0.0,"event_name":"Golden Wing","player_choice":"Card Removal","floor":5.0,"gold_loss":0.0,"damage_taken":7.0},{"damage_healed":0.0,"max_hp_gain":0.0,"max_hp_loss":0.0,"gold_gain":0.0,"event_name":"Upgrade Shrine","player_choice":"Upgraded","floor":8.0,"gold_loss":0.0,"damage_taken":0.0,"cards_upgraded":["Pommel Strike"]},{"damage_healed":0.0,"max_hp_gain":0.0,"max_hp_loss":0.0,"gold_gain":0.0,"event_name":"Back to Basics","player_choice":"Simplicity","floor":22.0,"gold_loss":0.0,"damage_taken":0.0,"cards_upgraded":["Strike_R","Strike_R","Strike_R","Strike_R","Defend_R","Defend_R","Defend_R","Defend_R"]},{"damage_healed":0.0,"max_hp_gain":0.0,"max_hp_loss":0.0,"gold_gain":0.0,"event_name":"Addict","player_choice":"Obtained Relic","floor":27.0,"gold_loss":85.0,"damage_taken":0.0,"relics_obtained":["Potion Belt"]},{"cards_removed":["Normality"],"damage_healed":0.0,"max_hp_gain":0.0,"max_hp_loss":0.0,"gold_gain":0.0,"event_name":"Wheel of Change","player_choice":"Card Removal","floor":30.0,"gold_loss":0.0,"damage_taken":0.0},{"damage_healed":0.0,"max_hp_gain":0.0,"max_hp_loss":0.0,"gold_gain":0.0,"event_name":"Tomb of Lord Red Mask","player_choice":"Paid","floor":36.0,"gold_loss":136.0,"damage_taken":0.0,"relics_obtained":["Red Mask"]},{"damage_healed":0.0,"max_hp_gain":0.0,"max_hp_loss":0.0,"gold_gain":0.0,"cards_transformed":["Strike_R"],"event_name":"Transmorgrifier","player_choice":"Transformed","floor":37.0,"gold_loss":0.0,"damage_taken":0.0,"cards_obtained":["Bloodletting"]},{"cards_removed":["Metallicize"],"damage_healed":0.0,"max_hp_gain":0.0,"max_hp_loss":0.0,"gold_gain":0.0,"event_name":"Falling","player_choice":"Removed Power","floor":39.0,"gold_loss":0.0,"damage_taken":0.0},{"damage_healed":0.0,"max_hp_gain":0.0,"max_hp_loss":0.0,"gold_gain":0.0,"event_name":"Mysterious Sphere","player_choice":"Ignored","floor":42.0,"gold_loss":0.0,"damage_taken":0.0},{"damage_healed":0,"gold_gain":0,"player_choice":"Max HP","damage_taken":0,"max_hp_gain":0,"max_hp_loss":4,"event_name":"Winding Halls","floor":45,"gold_loss":0},{"damage_healed":0,"gold_gain":0,"player_choice":"Fight","damage_taken":0,"max_hp_gain":0,"max_hp_loss":0,"event_name":"MindBloom","floor":46,"gold_loss":0},{"damage_healed":0,"gold_gain":0,"player_choice":"Memory 1","damage_taken":0,"max_hp_gain":0,"max_hp_loss":0,"event_name":"SensoryStone","floor":48,"gold_loss":0}],"is_beta":false,"boss_relics":[{"not_picked":["Ectoplasm","Busted Crown"],"picked":"Cursed Key"},{"not_picked":["Black Star","Runic Pyramid"],"picked":"Fusion Hammer"}],"items_purged_floors":[4],"is_endless":false,"potions_floor_spawned":[1,7,12,13,20,28,31,33,38],"ascension_level":18}