{"gold_per_floor":[110,110,35,55,70,70,120,133,133,133,59,91,109,141,141,213,213,172,172,43,43,43],"floor_reached":22,"playtime":806,"items_purged":["Strike_R","Anger"],"score":384,"play_id":"209754b9-6c00-4e8c-9266-5f9b7ab4a37c","local_time":"20230916132551","is_ascension_mode":true,"campfire_choices":[{"data":"Bash","floor":6.0,"key":"SMITH"},{"data":"Cleave","floor":10,"key":"SMITH"},{"data":"Fire Breathing","floor":15,"key":"SMITH"}],"neow_cost":"NONE","seed_source_timestamp":240131606436000,"circlet_count":0,"master_deck":["AscendersBane","Strike_R","Strike_R","Defend_R","Defend_R","Defend_R","Bash+1","Cleave+1","True Grit","Seeing Red","Fire Breathing+1","Intimidate","Spot Weakness","Reaper+1","Limit Break","Impervious","Body Slam+1","Shrug It Off"],"special_seed":0,"relics":["Burning Blood","NeowsBlessing","Ginger","Gambling Chip","Molten Egg 2","Snecko Eye"],"potions_floor_usage":[16,16],"damage_taken":[{"damage":0.0,"enemies":"2 Louse","floor":1.0,"turns":1.0},{"damage":0.0,"enemies":"Cultist","floor":4.0,"turns":1.0},{"damage":0.0,"enemies":"Jaw Worm","floor":5.0,"turns":1.0},{"damage":7,"enemies":"Exordium Thugs","floor":8,"turns":3},{"damage":32,"enemies":"Gremlin Nob","floor":12,"turns":4},{"damage":8,"enemies":"Looter","floor":13,"turns":3},{"damage":38,"enemies":"3 Sentries","floor":14,"turns":8},{"damage":20,"enemies":"Hexaghost","floor":16,"turns":9},{"damage":29,"enemies":"2 Thieves","floor":18,"turns":5},{"damage":13,"enemies":"Spheric Guardian","floor":22,"turns":5}],"seed_played":"-2127538778841602419","potions_obtained":[{"floor":5.0,"key":"BlessingOfTheForge"},{"floor":8,"key":"ElixirPotion"},{"floor":16,"key":"Swift Potion"},{"floor":18,"key":"BloodPotion"}],"is_trial":false,"path_per_floor":["M","?","$","M","M","R","?","M","T","R","$","E","M","E","R","B",null,"M","?","$","?","M"],"character_chosen":"IRONCLAD","items_purchased":["Fire Breathing","Shrug It Off"],"campfire_rested":0,"item_purchase_floors":[11,20],"current_hp_per_floor":[74,74,74,75,75,75,75,74,74,74,74,48,46,14,14,12,59,53,53,53,32,19],"gold":43,"neow_bonus":"THREE_ENEMY_KILL","is_prod":false,"is_daily":false,"chose_seed":false,"campfire_upgraded":3,"win_rate":0,"timestamp":1694895951,"path_taken":["M","?","$","?","M","R","?","M","T","R","?","E","M","E","R","BOSS","M","?","$","?","M"],"build_version":"2022-12-18","purchased_purges":2,"victory":false,"max_hp_per_floor":[75,75,75,75,75,75,75,75,75,75,75,75,75,75,75,75,75,75,75,75,80,80],"card_choices":[{"not_picked":["Sever Soul","Pommel Strike"],"picked":"Cleave","floor":1.0},{"not_picked":["Dual Wield","Searing Blow"],"picked":"Anger","floor":4.0},{"not_picked":["Iron Wave","Dual Wield"],"picked":"True Grit","floor":5.0},{"not_picked":["Thunderclap","True Grit"],"picked":"Seeing Red","floor":8},{"not_picked":["Anger","Seeing Red"],"picked":"Intimidate","floor":12},{"not_picked":["Infernal Blade","Double Tap"],"picked":"Spot Weakness","floor":13},{"not_picked":["Uppercut+1","Twin Strike+1"],"picked":"Reaper+1","floor":14},{"not_picked":["Demon Form","Impervious"],"picked":"Limit Break","floor":16},{"not_picked":["Thunderclap+1","Flex","Hemokinesis+1"],"picked":"SKIP","floor":18}],"player_experience":614697,"relics_obtained":[{"floor":9,"key":"Ginger"},{"floor":12,"key":"Gambling Chip"},{"floor":14,"key":"Molten Egg 2"}],"event_choices":[{"cards_removed":["Strike_R"],"damage_healed":0.0,"max_hp_gain":0.0,"max_hp_loss":0.0,"gold_gain":0.0,"event_name":"Bonfire Elementals","player_choice":"Offered Basic","floor":2.0,"gold_loss":0.0,"damage_taken":0.0},{"damage_healed":0.0,"max_hp_gain":0.0,"max_hp_loss":0.0,"gold_gain":50.0,"event_name":"Golden Shrine","player_choice":"Pray","floor":7.0,"gold_loss":0.0,"damage_taken":0.0},{"damage_healed":0,"gold_gain":0,"cards_transformed":["Strike_R","Defend_R"],"player_choice":"Became Test Subject","damage_taken":0,"max_hp_gain":0,"max_hp_loss":0,"event_name":"Drug Dealer","floor":19,"gold_loss":0,"cards_obtained":["Impervious","Body Slam"]},{"damage_healed":0,"gold_gain":0,"player_choice":"Shed Blood","damage_taken":26,"max_hp_gain":5,"max_hp_loss":0,"event_name":"Forgotten Altar","floor":21,"gold_loss":0}],"is_beta":false,"boss_relics":[{"not_picked":["Runic Dome","Pandora\u0027s Box"],"picked":"Snecko Eye"}],"items_purged_floors":[3,20],"is_endless":false,"potions_floor_spawned":[5,8,14,16,18],"killed_by":"Spheric Guardian","ascension_level":20}