{"gold_per_floor":[117,135,154,169,169,169,183,183,183,183,195,225,225,254,254,331,331,347,347,272,35,51,51,78,78,129,162,174],"floor_reached":28,"playtime":1045,"items_purged":["Strike_R"],"score":492,"play_id":"cca7a5bb-8539-4480-a8bb-d92e6c483d87","local_time":"20230907134444","is_ascension_mode":true,"campfire_choices":[{"data":"Flex","floor":6,"key":"SMITH"},{"data":"Flame Barrier","floor":8,"key":"SMITH"},{"data":"Shrug It Off","floor":13,"key":"SMITH"},{"data":"Flame Barrier","floor":15,"key":"SMITH"},{"data":"Armaments","floor":23,"key":"SMITH"},{"data":"Metallicize","floor":25,"key":"SMITH"}],"neow_cost":"NONE","seed_source_timestamp":2549752625976000,"circlet_count":0,"master_deck":["AscendersBane","Strike_R","Strike_R","Strike_R","Defend_R","Defend_R","Defend_R","Defend_R","Bash+1","Twin Strike","Metallicize+1","Flex+1","Flame Barrier+1","Flame Barrier+1","Shrug It Off+1","Infernal Blade","Limit Break","Cleave+1","Offering","Armaments+1","Normality"],"relics":["Burning Blood","Pear","Meat on the Bone","Pantograph","Boot","Cursed Key","Membership Card","Gremlin Horn","Toy Ornithopter","MawBank"],"potions_floor_usage":[12,27,27],"damage_taken":[{"damage":1,"enemies":"Cultist","floor":1,"turns":3},{"damage":19,"enemies":"Small Slimes","floor":2,"turns":3},{"damage":8,"enemies":"2 Louse","floor":3,"turns":3},{"damage":24,"enemies":"Red Slaver","floor":4,"turns":4},{"damage":25,"enemies":"Exordium Thugs","floor":7,"turns":8},{"damage":3,"enemies":"Exordium Wildlife","floor":11,"turns":5},{"damage":7,"enemies":"Gremlin Nob","floor":12,"turns":4},{"damage":22,"enemies":"Lagavulin","floor":14,"turns":6},{"damage":65,"enemies":"Hexaghost","floor":16,"turns":12},{"damage":6,"enemies":"Shell Parasite","floor":18,"turns":6},{"damage":10,"enemies":"3 Byrds","floor":22,"turns":2},{"damage":17,"enemies":"Book of Stabbing","floor":24,"turns":5},{"damage":47,"enemies":"Gremlin Leader","floor":27,"turns":9},{"damage":44,"enemies":"Snecko","floor":28,"turns":6}],"seed_played":"-4438559624256433124","potions_obtained":[{"floor":2,"key":"Energy Potion"},{"floor":7,"key":"ColorlessPotion"},{"floor":16,"key":"Dexterity Potion"},{"floor":22,"key":"Explosive Potion"}],"is_trial":false,"path_per_floor":["M","M","M","M","?","R","M","R","T","?","M","E","R","E","R","B",null,"M","?","$","$","M","R","E","R","T","E","M"],"character_chosen":"IRONCLAD","items_purchased":["Membership Card","Offering"],"campfire_rested":0,"item_purchase_floors":[21,21],"current_hp_per_floor":[73,60,58,40,40,40,21,21,31,31,46,57,57,53,53,31,72,72,72,72,72,68,68,57,57,57,38,0],"gold":174,"neow_bonus":"UPGRADE_CARD","is_prod":false,"is_daily":false,"chose_seed":false,"campfire_upgraded":6,"win_rate":0,"timestamp":1694119484,"path_taken":["M","?","M","M","?","R","M","R","T","?","M","E","R","E","R","BOSS","M","?","?","$","M","R","E","R","T","E","M"],"build_version":"2022-12-18","purchased_purges":1,"victory":false,"max_hp_per_floor":[75,75,75,75,75,75,75,75,85,85,85,85,85,85,85,85,85,85,85,85,85,85,85,85,85,85,85,85],"card_choices":[{"not_picked":["Warcry","Havoc"],"picked":"Twin Strike","floor":1},{"not_picked":["Pommel Strike","Clothesline"],"picked":"Metallicize","floor":2},{"not_picked":["Body Slam","Heavy Blade"],"picked":"Flex","floor":3},{"not_picked":["Twin Strike","Burning Pact","Pommel Strike"],"picked":"SKIP","floor":4},{"not_picked":["True Grit","Seeing Red"],"picked":"Flame Barrier","floor":7},{"not_picked":["Headbutt","Warcry"],"picked":"Flame Barrier","floor":11},{"not_picked":["Evolve","Headbutt"],"picked":"Shrug It Off","floor":12},{"not_picked":["Exhume","Havoc"],"picked":"Infernal Blade","floor":14},{"not_picked":["Brutality","Exhume"],"picked":"Limit Break","floor":16},{"not_picked":["Twin Strike","Flex"],"picked":"Cleave+1","floor":18},{"not_picked":["Clothesline","Headbutt"],"picked":"Armaments","floor":22},{"not_picked":["Thunderclap","Uppercut","Dark Embrace+1"],"picked":"SKIP","floor":24},{"not_picked":["Sword Boomerang","Seeing Red","Carnage+1"],"picked":"SKIP","floor":27}],"player_experience":504451,"relics_obtained":[{"floor":9,"key":"Pear"},{"floor":12,"key":"Pantograph"},{"floor":14,"key":"Boot"},{"floor":24,"key":"Gremlin Horn"},{"floor":26,"key":"Toy Ornithopter"},{"floor":27,"key":"MawBank"}],"event_choices":[{"damage_healed":0,"gold_gain":0,"player_choice":"Ignored","damage_taken":0,"max_hp_gain":0,"max_hp_loss":0,"event_name":"Liars Game","floor":5,"gold_loss":0},{"damage_healed":0,"gold_gain":0,"player_choice":"Gave Potion","damage_taken":0,"relics_obtained":["Meat on the Bone"],"max_hp_gain":0,"max_hp_loss":0,"event_name":"WeMeetAgain","floor":10,"gold_loss":0},{"cards_removed":["Strike_R"],"damage_healed":0,"gold_gain":0,"player_choice":"Offered Basic","damage_taken":0,"max_hp_gain":0,"max_hp_loss":0,"event_name":"Bonfire Elementals","floor":19,"gold_loss":0}],"is_beta":false,"boss_relics":[{"not_picked":["Runic Cube","Sozu"],"picked":"Cursed Key"}],"items_purged_floors":[20],"is_endless":false,"potions_floor_spawned":[2,7,16,22],"killed_by":"Snecko","ascension_level":17}