{"gold_per_floor":[110,123,142,16,0,31,31,65,65,76,76,96,96,114,114,214,214,232,245,259,107,126,126],"floor_reached":23,"playtime":1168,"items_purged":["Strike_R"],"score":320,"play_id":"d24794c5-145d-4bb0-8a9d-aead299c0f74","local_time":"20230910022714","is_ascension_mode":true,"campfire_choices":[{"data":"Bash","floor":11,"key":"SMITH"},{"data":"Dropkick","floor":13,"key":"SMITH"},{"data":"Anger","floor":15,"key":"SMITH"}],"neow_cost":"NONE","seed_source_timestamp":5833954867100,"circlet_count":0,"master_deck":["Strike_R","Strike_R","Defend_R","Defend_R","Defend_R","Defend_R","Bash+1","Reaper","Metallicize","Entrench","Shrug It Off","Dropkick+1","Anger+1","True Grit","Shrug It Off"],"special_seed":0,"relics":["Burning Blood","Eternal Feather","Blue Candle","Singing Bowl","Empty Cage","Membership Card"],"potions_floor_usage":[6],"damage_taken":[{"damage":6,"enemies":"Cultist","floor":1,"turns":4},{"damage":8,"enemies":"2 Louse","floor":2,"turns":5},{"damage":2,"enemies":"Jaw Worm","floor":3,"turns":7},{"damage":7,"enemies":"Looter","floor":5,"turns":4},{"damage":29,"enemies":"Gremlin Nob","floor":6,"turns":6},{"damage":39,"enemies":"3 Sentries","floor":8,"turns":14},{"damage":5,"enemies":"2 Fungi Beasts","floor":10,"turns":7},{"damage":16,"enemies":"Large Slime","floor":12,"turns":9},{"damage":5,"enemies":"Red Slaver","floor":14,"turns":5},{"damage":41,"enemies":"Slime Boss","floor":16,"turns":14},{"damage":35,"enemies":"Spheric Guardian","floor":18,"turns":9},{"damage":5,"enemies":"Chosen","floor":19,"turns":6},{"damage":25,"enemies":"Centurion and Healer","floor":20,"turns":6},{"damage":45,"enemies":"Snecko","floor":22,"turns":9},{"damage":0,"enemies":"Book of Stabbing","floor":23,"turns":1}],"seed_played":"-5985346780545772226","potions_obtained":[{"floor":1,"key":"Swift Potion"},{"floor":3,"key":"SpeedPotion"},{"floor":10,"key":"Weak Potion"},{"floor":16,"key":"DuplicationPotion"}],"is_trial":false,"path_per_floor":["M","M","M","$","M","E","$","E","T","M","R","M","R","M","R","B",null,"M","M","M","$","M","E"],"character_chosen":"IRONCLAD","items_purchased":["Shrug It Off","Membership Card"],"campfire_rested":0,"item_purchase_floors":[4,21],"current_hp_per_floor":[80,80,80,80,79,62,62,41,41,44,50,44,53,54,63,37,84,61,70,57,57,26,26],"gold":126,"neow_bonus":"ONE_RANDOM_RARE_CARD","is_prod":false,"is_daily":false,"chose_seed":false,"campfire_upgraded":3,"win_rate":0,"timestamp":1694338034,"path_taken":["M","?","M","?","M","E","$","E","T","M","R","M","R","M","R","BOSS","M","M","M","$","M","E"],"build_version":"2022-12-18","purchased_purges":1,"victory":false,"max_hp_per_floor":[80,80,80,80,80,80,80,80,80,82,82,82,82,82,82,84,84,86,88,88,88,90,90],"card_choices":[{"not_picked":["Pummel","Sword Boomerang","Intimidate"],"picked":"SKIP","floor":1},{"not_picked":["Searing Blow","Perfected Strike"],"picked":"Metallicize","floor":2},{"not_picked":["Searing Blow","Shrug It Off"],"picked":"Entrench","floor":3},{"not_picked":["Perfected Strike","True Grit","Wild Strike"],"picked":"SKIP","floor":5},{"not_picked":["Thunderclap","Sever Soul"],"picked":"Dropkick","floor":6},{"not_picked":["Dropkick","Perfected Strike","Berserk"],"picked":"SKIP","floor":8},{"not_picked":["Pommel Strike","Dark Embrace","Flex"],"picked":"Singing Bowl","floor":10},{"not_picked":["Sword Boomerang","Clothesline"],"picked":"Anger","floor":12},{"not_picked":["Wild Strike","Reckless Charge"],"picked":"True Grit","floor":14},{"not_picked":["Feed","Berserk","Corruption"],"picked":"Singing Bowl","floor":16},{"not_picked":["Twin Strike+1","Searing Blow","Fire Breathing"],"picked":"Singing Bowl","floor":18},{"not_picked":["Sever Soul","Rampage","Perfected Strike"],"picked":"Singing Bowl","floor":19},{"not_picked":["Reckless Charge","Flex"],"picked":"Shrug It Off","floor":20},{"not_picked":["True Grit","Spot Weakness","Bludgeon"],"picked":"Singing Bowl","floor":22}],"player_experience":534606,"relics_obtained":[{"floor":6,"key":"Eternal Feather"},{"floor":8,"key":"Blue Candle"},{"floor":9,"key":"Singing Bowl"}],"event_choices":[],"is_beta":false,"boss_relics":[{"not_picked":["Mark of Pain","Fusion Hammer"],"picked":"Empty Cage"}],"items_purged_floors":[4],"is_endless":false,"potions_floor_spawned":[1,3,10,16],"killed_by":"Book of Stabbing","ascension_level":1}