{"gold_per_floor":[117,131,146,96,96,96,111,111,135,150,150,131,56,68,68,165,165,178,178,192,211,97,97,109,109,160,160,174,16,68,79,79,175,175,187,187,187,198,209,209,242,242,267,267],"floor_reached":44,"playtime":951,"items_purged":[],"score":459,"play_id":"6a0fedeb-b7bb-49fb-8aff-bab0c3931bf9","local_time":"20230912051114","is_ascension_mode":false,"campfire_choices":[{"data":"Bash","floor":6,"key":"SMITH"},{"data":"Cleave","floor":8,"key":"SMITH"},{"data":"Feed","floor":11,"key":"SMITH"},{"data":"Inflame","floor":15,"key":"SMITH"},{"data":"Whirlwind","floor":23,"key":"SMITH"},{"data":"Limit Break","floor":25,"key":"SMITH"},{"data":"Heavy Blade","floor":27,"key":"SMITH"},{"data":"Limit Break","floor":32,"key":"SMITH"},{"data":"Heavy Blade","floor":40,"key":"SMITH"}],"neow_cost":"TEN_PERCENT_HP_LOSS","seed_source_timestamp":188751461765400,"circlet_count":0,"master_deck":["Strike_R","Strike_R","Defend_R","Defend_R","Defend_R","Defend_R","Bash+1","Flex","Feed+1","Heavy Blade+1","Pommel Strike","Cleave+1","Flex","Double Tap","Inflame+1","Whirlwind+1","Limit Break+1","Bandage Up","Heavy Blade+1","Limit Break+1","Offering","Inflame+1","Reaper"],"relics":["Burning Blood","PreservedInsect","Coffee Dripper","Anchor","Dream Catcher","Art of War","SlaversCollar","Bronze Scales","Akabeko"],"potions_floor_usage":[37,41],"damage_taken":[{"damage":10,"enemies":"2 Louse","floor":1,"turns":3},{"damage":7,"enemies":"Small Slimes","floor":2,"turns":4},{"damage":6,"enemies":"Cultist","floor":3,"turns":3},{"damage":13,"enemies":"Red Slaver","floor":7,"turns":2},{"damage":10,"enemies":"Looter","floor":10,"turns":2},{"damage":15,"enemies":"Exordium Thugs","floor":12,"turns":4},{"damage":20,"enemies":"Exordium Wildlife","floor":14,"turns":4},{"damage":45,"enemies":"The Guardian","floor":16,"turns":10},{"damage":20,"enemies":"Chosen","floor":18,"turns":4},{"damage":10,"enemies":"2 Thieves","floor":20,"turns":2},{"damage":9,"enemies":"Centurion and Healer","floor":21,"turns":4},{"damage":10,"enemies":"Sentry and Sphere","floor":24,"turns":3},{"damage":0,"enemies":"Chosen and Byrds","floor":28,"turns":4},{"damage":10,"enemies":"Centurion and Healer","floor":31,"turns":3},{"damage":75,"enemies":"Automaton","floor":33,"turns":7},{"damage":33,"enemies":"3 Shapes","floor":35,"turns":3},{"damage":0,"enemies":"3 Darklings","floor":37,"turns":1},{"damage":22,"enemies":"Maw","floor":38,"turns":5},{"damage":48,"enemies":"Jaw Worm Horde","floor":39,"turns":4},{"damage":110,"enemies":"Nemesis","floor":41,"turns":7},{"damage":44,"enemies":"Spire Growth","floor":44,"turns":4}],"seed_played":"-9159535943503108592","potions_obtained":[{"floor":1,"key":"EssenceOfSteel"},{"floor":3,"key":"BloodPotion"},{"floor":5,"key":"FairyPotion"},{"floor":31,"key":"ElixirPotion"},{"floor":33,"key":"SmokeBomb"},{"floor":41,"key":"SpeedPotion"}],"is_trial":false,"path_per_floor":["M","M","M","?","?","R","M","R","T","M","R","M","$","M","R","B",null,"M","?","M","M","$","R","M","R","T","R","M","$","T","M","R","B",null,"M","?","M","M","M","R","E","?","T","M"],"character_chosen":"IRONCLAD","items_purchased":["Inflame","Bandage Up","Heavy Blade","Limit Break"],"campfire_rested":0,"item_purchase_floors":[13,22,22,29],"current_hp_per_floor":[71,73,73,73,73,73,66,66,66,65,65,60,60,50,50,11,89,75,75,75,72,72,72,72,72,72,72,82,82,82,82,82,17,97,74,74,80,68,34,34,16,16,16,0],"gold":267,"neow_bonus":"TRANSFORM_TWO_CARDS","is_prod":false,"is_daily":false,"chose_seed":false,"campfire_upgraded":9,"win_rate":0,"timestamp":1694520674,"path_taken":["M","M","M","?","?","R","M","R","T","M","R","?","?","M","R","BOSS","M","?","M","M","?","R","M","R","T","R","M","$","?","?","R","BOSS","M","?","M","M","M","R","E","?","T","M"],"build_version":"2022-12-18","purchased_purges":0,"victory":false,"max_hp_per_floor":[75,78,78,78,78,78,78,78,78,81,81,85,85,89,89,89,89,89,89,93,93,93,93,97,97,97,97,97,97,97,97,97,97,97,97,97,97,97,101,101,101,101,101,101],"card_choices":[{"not_picked":["Fire Breathing","Flex"],"picked":"Heavy Blade","floor":1},{"not_picked":["Perfected Strike","Anger"],"picked":"Pommel Strike","floor":2},{"not_picked":["Headbutt","Pommel Strike"],"picked":"Perfected Strike","floor":3},{"not_picked":["Power Through","Entrench"],"picked":"Cleave","floor":7},{"not_picked":["Anger","Reckless Charge"],"picked":"Flex","floor":10},{"not_picked":["Flex","Perfected Strike"],"picked":"Double Tap","floor":12},{"not_picked":["Havoc","Feel No Pain"],"picked":"Whirlwind","floor":14},{"not_picked":["Exhume","Demon Form"],"picked":"Limit Break","floor":16},{"not_picked":["Flex","Body Slam","Feel No Pain"],"picked":"SKIP","floor":18},{"not_picked":["Twin Strike","Reckless Charge","Headbutt+1"],"picked":"SKIP","floor":20},{"not_picked":["Clash","Dual Wield+1","Flex"],"picked":"SKIP","floor":21},{"not_picked":["Havoc","Pommel Strike","Dual Wield"],"picked":"SKIP","floor":24},{"not_picked":["Clothesline","Feel No Pain","Metallicize"],"picked":"SKIP","floor":28},{"not_picked":["Feel No Pain","Wild Strike","Fiend Fire"],"picked":"SKIP","floor":31},{"not_picked":["Double Tap","Demon Form"],"picked":"Offering","floor":33},{"not_picked":["Rupture","Reckless Charge","Clash"],"picked":"SKIP","floor":35},{"not_picked":["Entrench","Clash","Blood for Blood+1"],"picked":"SKIP","floor":38},{"not_picked":["Shrug It Off","Dark Embrace+1"],"picked":"Inflame+1","floor":39},{"not_picked":["Sword Boomerang","Metallicize"],"picked":"Reaper","floor":41}],"player_experience":562594,"relics_obtained":[{"floor":9,"key":"PreservedInsect"},{"floor":26,"key":"Dream Catcher"},{"floor":30,"key":"Art of War"},{"floor":41,"key":"Bronze Scales"},{"floor":43,"key":"Akabeko"}],"event_choices":[{"cards_removed":["Perfected Strike"],"damage_healed":0,"gold_gain":0,"player_choice":"Card Removal","damage_taken":0,"max_hp_gain":0,"max_hp_loss":0,"event_name":"The Cleric","floor":4,"gold_loss":50},{"damage_healed":0,"gold_gain":0,"player_choice":"Got Potions","damage_taken":0,"max_hp_gain":0,"max_hp_loss":0,"event_name":"Lab","floor":5,"gold_loss":0},{"damage_healed":0,"gold_gain":0,"player_choice":"Gave Potion","damage_taken":0,"relics_obtained":["Anchor"],"max_hp_gain":0,"max_hp_loss":0,"event_name":"WeMeetAgain","floor":19,"gold_loss":0},{"cards_removed":["Strike_R"],"damage_healed":0,"gold_gain":0,"player_choice":"Removed Attack","damage_taken":0,"max_hp_gain":0,"max_hp_loss":0,"event_name":"Falling","floor":36,"gold_loss":0},{"damage_healed":0,"gold_gain":0,"player_choice":"Memory 1","damage_taken":0,"max_hp_gain":0,"max_hp_loss":0,"event_name":"SensoryStone","floor":42,"gold_loss":0}],"is_beta":false,"boss_relics":[{"not_picked":["Runic Pyramid","Astrolabe"],"picked":"Coffee Dripper"},{"not_picked":["Empty Cage","Black Star"],"picked":"SlaversCollar"}],"items_purged_floors":[],"is_endless":false,"potions_floor_spawned":[1,3,7,12,14,31,33,38,41],"killed_by":"Spire Growth","ascension_level":0}