{"gold_per_floor":[112,129,141,141,159,159,175,193,218,218,235,235,266,266,266,266],"floor_reached":16,"playtime":753,"items_purged":[],"score":217,"play_id":"d2830a17-ec8a-4239-bce6-d88221daea82","local_time":"20230907131722","is_ascension_mode":true,"campfire_choices":[{"data":"Feed","floor":6,"key":"SMITH"},{"data":"Bash","floor":10,"key":"SMITH"},{"data":"Cleave","floor":12,"key":"SMITH"},{"data":"Shrug It Off","floor":15,"key":"SMITH"}],"neow_cost":"NONE","seed_source_timestamp":2548401244208500,"circlet_count":0,"master_deck":["AscendersBane","Strike_R","Strike_R","Strike_R","Strike_R","Strike_R","Defend_R","Defend_R","Defend_R","Defend_R","Bash+1","Shrug It Off+1","Feed+1","Battle Trance","Disarm","Impervious","Shrug It Off+1","Cleave+1"],"relics":["Burning Blood","Mummified Hand","Regal Pillow","Art of War"],"potions_floor_usage":[13,16,16],"damage_taken":[{"damage":2,"enemies":"2 Louse","floor":1,"turns":5},{"damage":0,"enemies":"Cultist","floor":2,"turns":4},{"damage":2,"enemies":"Jaw Worm","floor":3,"turns":4},{"damage":18,"enemies":"Lots of Slimes","floor":5,"turns":6},{"damage":24,"enemies":"Exordium Wildlife","floor":7,"turns":9},{"damage":38,"enemies":"Gremlin Gang","floor":8,"turns":10},{"damage":2,"enemies":"3 Louse","floor":11,"turns":5},{"damage":16,"enemies":"Gremlin Nob","floor":13,"turns":4},{"damage":58,"enemies":"Slime Boss","floor":16,"turns":12}],"seed_played":"82828383370169819","potions_obtained":[{"floor":2,"key":"Strength Potion"},{"floor":7,"key":"Fire Potion"},{"floor":8,"key":"BloodPotion"},{"floor":13,"key":"Strength Potion"}],"is_trial":false,"path_per_floor":["M","M","M","?","M","R","M","M","T","R","M","R","E","?","R","B"],"character_chosen":"IRONCLAD","items_purchased":[],"campfire_rested":0,"item_purchase_floors":[],"current_hp_per_floor":[79,82,85,85,76,76,62,34,34,34,42,42,32,32,32,0],"gold":266,"neow_bonus":"TEN_PERCENT_HP_BONUS","is_prod":false,"is_daily":false,"chose_seed":false,"campfire_upgraded":4,"win_rate":0,"timestamp":1694117842,"path_taken":["M","M","M","?","M","R","M","M","T","R","?","R","E","?","R","BOSS"],"build_version":"2022-12-18","purchased_purges":0,"victory":false,"max_hp_per_floor":[82,82,85,85,88,88,92,96,96,96,100,100,100,100,100,100],"card_choices":[{"not_picked":["Evolve","Havoc"],"picked":"Shrug It Off","floor":1},{"not_picked":["Sword Boomerang","Iron Wave"],"picked":"Feed","floor":2},{"not_picked":["Body Slam","Warcry"],"picked":"Battle Trance","floor":3},{"not_picked":["Clothesline","Twin Strike"],"picked":"Disarm","floor":5},{"not_picked":["Body Slam","Pommel Strike"],"picked":"Impervious","floor":7},{"not_picked":["Metallicize","Wild Strike"],"picked":"Shrug It Off","floor":8},{"not_picked":["Reckless Charge","Shrug It Off"],"picked":"Cleave","floor":11},{"not_picked":["Perfected Strike","Flex","Second Wind"],"picked":"SKIP","floor":13}],"player_experience":503119,"relics_obtained":[{"floor":9,"key":"Regal Pillow"},{"floor":13,"key":"Art of War"}],"event_choices":[{"damage_healed":0,"gold_gain":0,"player_choice":"Gave Potion","damage_taken":0,"relics_obtained":["Mummified Hand"],"max_hp_gain":0,"max_hp_loss":0,"event_name":"WeMeetAgain","floor":4,"gold_loss":0},{"damage_healed":0,"gold_gain":0,"player_choice":"Forge","damage_taken":0,"max_hp_gain":0,"max_hp_loss":0,"event_name":"Accursed Blacksmith","floor":14,"gold_loss":0,"cards_upgraded":["Shrug It Off"]}],"is_beta":false,"boss_relics":[],"items_purged_floors":[],"is_endless":false,"potions_floor_spawned":[2,7,8,13],"killed_by":"Slime Boss","ascension_level":17}