{"gold_per_floor":[113,113,129,148,158,158,173,173,173,206,218,241,283,283],"floor_reached":14,"playtime":626,"items_purged":[],"score":104,"play_id":"186686f5-ec48-4b6b-830f-f4a8893ca4d8","local_time":"20230913021922","is_ascension_mode":false,"campfire_choices":[{"data":"Blood for Blood","floor":6,"key":"SMITH"},{"data":"Combust","floor":8,"key":"SMITH"}],"neow_cost":"NONE","seed_source_timestamp":264911618040599,"circlet_count":0,"master_deck":["Strike_R","Strike_R","Strike_R","Strike_R","Strike_R","Defend_R","Defend_R","Defend_R","Defend_R","Bash+1","Battle Trance","Combust+1","Fire Breathing","Blood for Blood+1","Headbutt","Evolve","Shrug It Off"],"special_seed":0,"relics":["Burning Blood","Akabeko","CeramicFish","Question Card"],"potions_floor_usage":[10],"damage_taken":[{"damage":8.0,"enemies":"Jaw Worm","floor":1.0,"turns":4.0},{"damage":1,"enemies":"Cultist","floor":3,"turns":3},{"damage":11,"enemies":"2 Louse","floor":4,"turns":2},{"damage":5,"enemies":"2 Fungi Beasts","floor":5,"turns":4},{"damage":13,"enemies":"Large Slime","floor":7,"turns":5},{"damage":19,"enemies":"3 Sentries","floor":10,"turns":4},{"damage":4,"enemies":"3 Louse","floor":11,"turns":3},{"damage":0,"enemies":"2 Fungi Beasts","floor":12,"turns":2},{"damage":35,"enemies":"Gremlin Nob","floor":13,"turns":5},{"damage":12,"enemies":"Exordium Thugs","floor":14,"turns":4}],"seed_played":"-1334546032652336664","potions_obtained":[{"floor":4,"key":"SkillPotion"},{"floor":7,"key":"Dexterity Potion"},{"floor":10,"key":"SpeedPotion"}],"is_trial":false,"path_per_floor":["M","?","M","M","M","R","M","R","T","E","M","M","E","M"],"character_chosen":"IRONCLAD","items_purchased":[],"campfire_rested":0,"item_purchase_floors":[],"current_hp_per_floor":[86,86,88,83,84,84,77,77,77,64,66,72,43,31],"gold":283,"neow_bonus":"TEN_PERCENT_HP_BONUS","is_prod":false,"is_daily":false,"chose_seed":false,"campfire_upgraded":2,"win_rate":0,"timestamp":1694596762,"path_taken":["M","?","M","M","M","R","?","R","T","E","M","M","E","M"],"build_version":"2022-12-18","purchased_purges":0,"victory":false,"max_hp_per_floor":[88,88,88,88,88,88,88,88,88,88,88,88,88,88],"card_choices":[{"not_picked":["Havoc","Infernal Blade"],"picked":"Battle Trance","floor":1},{"not_picked":["Heavy Blade","Warcry"],"picked":"Combust","floor":3},{"not_picked":["Iron Wave","Clothesline"],"picked":"Fire Breathing","floor":4},{"not_picked":["Thunderclap","Clash"],"picked":"Blood for Blood","floor":5},{"not_picked":["Brutality","Rage"],"picked":"Headbutt","floor":7},{"not_picked":["Anger","Cleave","Clothesline"],"picked":"SKIP","floor":10},{"not_picked":["Flex","Metallicize","Heavy Blade"],"picked":"SKIP","floor":11},{"not_picked":["Dark Embrace","True Grit"],"picked":"Evolve","floor":12},{"not_picked":["Clash","True Grit"],"picked":"Shrug It Off","floor":13}],"player_experience":569078,"relics_obtained":[{"floor":9,"key":"Akabeko"},{"floor":10,"key":"CeramicFish"},{"floor":13,"key":"Question Card"}],"event_choices":[{"damage_healed":0,"gold_gain":0,"player_choice":"Upgraded","damage_taken":0,"max_hp_gain":0,"max_hp_loss":0,"event_name":"Upgrade Shrine","floor":2,"gold_loss":0,"cards_upgraded":["Bash"]}],"is_beta":false,"boss_relics":[],"items_purged_floors":[],"is_endless":false,"potions_floor_spawned":[4,7,10],"killed_by":"Exordium Thugs","ascension_level":0}