{"gold_per_floor":[113,38,57,71,90,117,117,117,141,154,154,154,178,78,78,78],"floor_reached":16,"playtime":449,"items_purged":["Writhe","Strike_R"],"score":100,"play_id":"4eacf5a5-beb5-4bcd-ba80-576d63ecbf26","local_time":"20230910015004","is_ascension_mode":false,"campfire_choices":[{"data":"Bash","floor":8.0,"key":"SMITH"},{"data":"Barricade","floor":15.0,"key":"SMITH"}],"neow_cost":"CURSE","seed_source_timestamp":0,"circlet_count":0,"master_deck":["Strike_R","Strike_R","Strike_R","Strike_R","Defend_R","Defend_R","Defend_R","Defend_R","Bash+1","Barricade+1"],"special_seed":0,"relics":["Burning Blood","Nunchaku","Blood Vial","MealTicket","Golden Idol","Ancient Tea Set"],"potions_floor_usage":[],"damage_taken":[{"damage":6.0,"enemies":"Cultist","floor":1.0,"turns":3.0},{"damage":5.0,"enemies":"Small Slimes","floor":3.0,"turns":3.0},{"damage":0.0,"enemies":"2 Louse","floor":4.0,"turns":3.0},{"damage":12.0,"enemies":"Looter","floor":5.0,"turns":4.0},{"damage":46.0,"enemies":"Lagavulin","floor":6.0,"turns":11.0},{"damage":20.0,"enemies":"Large Slime","floor":10.0,"turns":9.0},{"damage":0,"enemies":"The Guardian","floor":16,"turns":1}],"seed_played":"6479001962194587766","potions_obtained":[{"floor":1.0,"key":"Dexterity Potion"},{"floor":3.0,"key":"SpeedPotion"},{"floor":4.0,"key":"LiquidMemories"}],"is_trial":false,"path_per_floor":["M","$","M","M","M","E","?","R","T","M","?","?","T","$","R","B"],"character_chosen":"IRONCLAD","items_purchased":[],"campfire_rested":0,"item_purchase_floors":[],"current_hp_per_floor":[80,80,80,80,74,34,31,31,31,19,19,19,19,34,34,36],"gold":78,"neow_bonus":"THREE_RARE_CARDS","is_prod":false,"is_daily":false,"chose_seed":false,"campfire_upgraded":2,"win_rate":0,"timestamp":1694335804,"path_taken":["M","$","M","M","?","E","?","R","T","M","?","?","?","$","R","BOSS"],"build_version":"2022-12-18","purchased_purges":2,"victory":false,"max_hp_per_floor":[80,80,80,80,80,80,80,80,80,80,80,74,74,74,74,74],"card_choices":[{"not_picked":["Demon Form","Double Tap"],"picked":"Barricade","floor":0.0},{"not_picked":["Perfected Strike","Wild Strike","Ghostly Armor"],"picked":"SKIP","floor":1.0},{"not_picked":["True Grit","Feel No Pain","Uppercut"],"picked":"SKIP","floor":3.0},{"not_picked":["Havoc","Perfected Strike","Seeing Red"],"picked":"SKIP","floor":4.0},{"not_picked":["Flame Barrier","True Grit","Infernal Blade"],"picked":"SKIP","floor":5.0},{"not_picked":["Clothesline","Blood for Blood","Fire Breathing"],"picked":"SKIP","floor":6.0},{"not_picked":["Shrug It Off","Havoc","Warcry"],"picked":"SKIP","floor":10.0}],"player_experience":533310,"relics_obtained":[{"floor":6.0,"key":"Nunchaku"},{"floor":9.0,"key":"MealTicket"},{"floor":13.0,"key":"Ancient Tea Set"}],"event_choices":[{"damage_healed":0.0,"max_hp_gain":0.0,"max_hp_loss":0.0,"gold_gain":0.0,"event_name":"Scrap Ooze","player_choice":"Success","floor":7.0,"gold_loss":0.0,"damage_taken":3.0,"relics_obtained":["Blood Vial"]},{"damage_healed":0.0,"max_hp_gain":0.0,"max_hp_loss":0.0,"gold_gain":0.0,"event_name":"Liars Game","player_choice":"Ignored","floor":11.0,"gold_loss":0.0,"damage_taken":0.0},{"damage_healed":0.0,"max_hp_gain":0.0,"max_hp_loss":6.0,"gold_gain":0.0,"event_name":"Golden Idol","player_choice":"Lose Max HP","floor":12.0,"gold_loss":0.0,"damage_taken":0.0,"relics_obtained":["Golden Idol"]}],"is_beta":false,"boss_relics":[],"items_purged_floors":[2,14],"is_endless":false,"potions_floor_spawned":[1,3,4],"killed_by":"The Guardian","ascension_level":0}