{"gold_per_floor":[116,134,51,62,77,77,152,172,172,198,198,208,237,255,255,326,326,338,263,87,103,103,103,138,138,138,138,138,138,172,172,172,244,244,264,264,28,41,92,92,119,130,156,185,203,203,217,243,243,243,243],"floor_reached":52,"playtime":3149,"items_purged":["Strike_R"],"score":2176,"play_id":"7b999c0c-57a8-4753-b0a3-721b01b179f5","local_time":"20230916143509","is_ascension_mode":true,"campfire_choices":[{"data":"Hemokinesis","floor":6,"key":"SMITH"},{"data":"Whirlwind","floor":11,"key":"SMITH"},{"data":"Bash","floor":15,"key":"SMITH"},{"data":"Barricade","floor":23,"key":"SMITH"},{"data":"Dark Embrace","floor":25,"key":"SMITH"},{"data":"Inflame","floor":27,"key":"SMITH"},{"data":"Flame Barrier","floor":32,"key":"SMITH"},{"data":"Pommel Strike","floor":40,"key":"SMITH"},{"data":"Uppercut","floor":49,"key":"SMITH"}],"neow_cost":"NONE","seed_source_timestamp":241955731567600,"circlet_count":0,"master_deck":["AscendersBane","Strike_R+1","Strike_R+1","Strike_R+1","Defend_R+1","Defend_R+1","Defend_R+1","Bash+1","Flame Barrier+1","Dark Embrace+1","Hemokinesis+1","Whirlwind+1","Impervious","Shrug It Off+1","Battle Trance+1","Shrug It Off+1","Battle Trance+1","Barricade+1","Armaments+1","Inflame+1","Sword Boomerang+1","Ghostly+1","Ghostly+1","Ghostly+1","Seeing Red+1","Exhume+1","Pommel Strike+1","Rage+1","Pommel Strike+1","Pommel Strike+1","Flame Barrier+1","Uppercut+1","True Grit+1","Inflame+1","Infernal Blade+1","Disarm+1"],"relics":["Burning Blood","Kunai","Toxic Egg 2","Juzu Bracelet","Coffee Dripper","Red Skull","Mercury Hourglass","Omamori","SlaversCollar","Centennial Puzzle","Mango","Toy Ornithopter","PreservedInsect","Regal Pillow","Singing Bowl"],"potions_floor_usage":[10,12,13,13,16,16,33,39,51,51],"damage_taken":[{"damage":6,"enemies":"Cultist","floor":1,"turns":3},{"damage":0,"enemies":"2 Louse","floor":2,"turns":4},{"damage":9,"enemies":"Small Slimes","floor":4,"turns":4},{"damage":15,"enemies":"Blue Slaver","floor":5,"turns":5},{"damage":11,"enemies":"Lots of Slimes","floor":8,"turns":3},{"damage":28,"enemies":"3 Sentries","floor":10,"turns":10},{"damage":12,"enemies":"Large Slime","floor":12,"turns":4},{"damage":19,"enemies":"Lagavulin","floor":13,"turns":9},{"damage":0,"enemies":"Blue Slaver","floor":14,"turns":6},{"damage":16,"enemies":"The Guardian","floor":16,"turns":17},{"damage":13,"enemies":"Spheric Guardian","floor":18,"turns":14},{"damage":0,"enemies":"Shell Parasite","floor":21,"turns":7},{"damage":35,"enemies":"Book of Stabbing","floor":24,"turns":7},{"damage":0,"enemies":"Slavers","floor":30,"turns":3},{"damage":1,"enemies":"Automaton","floor":33,"turns":10},{"damage":0,"enemies":"3 Shapes","floor":35,"turns":4},{"damage":2,"enemies":"Orb Walker","floor":38,"turns":3},{"damage":5,"enemies":"2 Orb Walkers","floor":39,"turns":5},{"damage":4,"enemies":"Nemesis","floor":41,"turns":11},{"damage":11,"enemies":"Jaw Worm Horde","floor":42,"turns":3},{"damage":3,"enemies":"Giant Head","floor":44,"turns":6},{"damage":5,"enemies":"Spire Growth","floor":45,"turns":6},{"damage":13,"enemies":"4 Shapes","floor":47,"turns":7},{"damage":3,"enemies":"Nemesis","floor":48,"turns":7},{"damage":36,"enemies":"Awakened One","floor":50,"turns":14},{"damage":2,"enemies":"Time Eater","floor":51,"turns":13}],"seed_played":"5243662894766544582","potions_obtained":[{"floor":1,"key":"Weak Potion"},{"floor":8,"key":"Block Potion"},{"floor":10,"key":"ColorlessPotion"},{"floor":12,"key":"Ancient Potion"},{"floor":13,"key":"Weak Potion"},{"floor":14,"key":"Dexterity Potion"},{"floor":24,"key":"Explosive Potion"},{"floor":33,"key":"Explosive Potion"},{"floor":38,"key":"EssenceOfSteel"},{"floor":42,"key":"SpeedPotion"}],"is_trial":false,"path_per_floor":["M","M","$","M","M","R","?","M","T","E","R","M","E","M","R","B",null,"M","?","$","M","?","R","E","R","T","R","?","?","E","?","R","B",null,"M","?","$","M","?","R","E","M","T","E","M","?","M","E","R","B","B",null],"character_chosen":"IRONCLAD","items_purchased":["Hemokinesis","Armaments+1","Inflame","Rage+1","Centennial Puzzle"],"campfire_rested":0,"item_purchase_floors":[3,20,20,37,37],"current_hp_per_floor":[75,81,81,78,69,69,58,53,53,31,31,25,12,18,18,8,64,57,57,57,63,41,41,12,12,12,12,12,12,18,18,18,23,37,41,41,41,41,55,55,55,50,50,53,54,54,47,50,50,20,34],"gold":243,"neow_bonus":"TEN_PERCENT_HP_BONUS","is_prod":false,"is_daily":false,"chose_seed":false,"campfire_upgraded":9,"win_rate":0,"timestamp":1694900109,"path_taken":["M","?","$","M","M","R","?","M","T","E","R","M","E","M","R","BOSS","M","?","$","M","?","R","E","R","T","R","?","?","E","?","R","BOSS","M","?","$","M","?","R","E","M","T","E","M","?","M","E","R","BOSS","BOSS"],"build_version":"2022-12-18","purchased_purges":1,"victory":true,"max_hp_per_floor":[82,82,82,82,82,82,82,82,82,82,82,82,82,82,82,82,82,82,82,82,82,41,41,41,41,41,41,41,41,41,41,41,41,41,41,41,41,41,55,55,55,55,55,55,55,55,55,55,55,55,55],"card_choices":[{"not_picked":["Bloodletting","Perfected Strike"],"picked":"Flame Barrier","floor":1},{"not_picked":["True Grit","Anger"],"picked":"Dark Embrace","floor":2},{"not_picked":["Armaments","Pummel"],"picked":"Whirlwind","floor":4},{"not_picked":["Anger","Whirlwind","Pommel Strike"],"picked":"SKIP","floor":5},{"not_picked":["Feel No Pain","Flex"],"picked":"Impervious","floor":8},{"not_picked":["Seeing Red+1","Bloodletting+1"],"picked":"Shrug It Off+1","floor":10},{"not_picked":["Disarm+1","Twin Strike"],"picked":"Battle Trance+1","floor":12},{"not_picked":["Searing Blow","Limit Break+1"],"picked":"Shrug It Off+1","floor":13},{"not_picked":["Entrench+1","Havoc+1"],"picked":"Battle Trance+1","floor":14},{"not_picked":["Immolate","Exhume+1"],"picked":"Barricade","floor":16},{"not_picked":["Blood for Blood","Dark Embrace","Searing Blow"],"picked":"SKIP","floor":18},{"not_picked":["Havoc+1","Second Wind+1"],"picked":"Sword Boomerang+1","floor":21},{"not_picked":["Thunderclap","Dropkick"],"picked":"Seeing Red+1","floor":24},{"not_picked":["Sentinel+1","Dark Embrace+1","Iron Wave"],"picked":"SKIP","floor":30},{"not_picked":["Reaper","Corruption"],"picked":"Exhume+1","floor":33},{"not_picked":["Perfected Strike","Clothesline"],"picked":"Pommel Strike+1","floor":35},{"not_picked":["Iron Wave","Thunderclap"],"picked":"Pommel Strike","floor":38},{"not_picked":["Flame Barrier+1","Perfected Strike"],"picked":"Pommel Strike+1","floor":41},{"not_picked":["Dropkick","Thunderclap"],"picked":"Flame Barrier+1","floor":42},{"not_picked":["Second Wind+1","Blood for Blood"],"picked":"Uppercut","floor":44},{"not_picked":["Burning Pact+1","Wild Strike"],"picked":"True Grit+1","floor":45},{"not_picked":["Infernal Blade+1","Reckless Charge","Rage+1"],"picked":"SKIP","floor":47},{"not_picked":["Reckless Charge","Rage+1"],"picked":"Infernal Blade+1","floor":47},{"not_picked":["Twin Strike","Warcry+1"],"picked":"Disarm+1","floor":48}],"player_experience":615749,"relics_obtained":[{"floor":9,"key":"Kunai"},{"floor":10,"key":"Toxic Egg 2"},{"floor":13,"key":"Juzu Bracelet"},{"floor":24,"key":"Red Skull"},{"floor":26,"key":"Mercury Hourglass"},{"floor":30,"key":"Omamori"},{"floor":39,"key":"Mango"},{"floor":41,"key":"Toy Ornithopter"},{"floor":43,"key":"PreservedInsect"},{"floor":44,"key":"Regal Pillow"},{"floor":48,"key":"Singing Bowl"}],"event_choices":[{"damage_healed":0,"gold_gain":75,"player_choice":"Gather Gold","damage_taken":11,"max_hp_gain":0,"max_hp_loss":0,"event_name":"World of Goop","floor":7,"gold_loss":0},{"cards_removed":["Strike_R"],"damage_healed":0,"gold_gain":0,"player_choice":"Gave Gold","damage_taken":0,"max_hp_gain":0,"max_hp_loss":0,"event_name":"Beggar","floor":19,"gold_loss":75},{"damage_healed":0,"gold_gain":0,"player_choice":"Became a Ghost","damage_taken":0,"max_hp_gain":0,"max_hp_loss":41,"event_name":"Ghosts","floor":22,"gold_loss":0,"cards_obtained":["Ghostly","Ghostly","Ghostly"]},{"cards_removed":["Defend_R"],"damage_healed":0,"gold_gain":0,"player_choice":"Purged","damage_taken":0,"max_hp_gain":0,"max_hp_loss":0,"event_name":"Purifier","floor":28,"gold_loss":0},{"damage_healed":0,"gold_gain":0,"player_choice":"Simplicity","damage_taken":0,"max_hp_gain":0,"max_hp_loss":0,"event_name":"Back to Basics","floor":29,"gold_loss":0,"cards_upgraded":["Strike_R","Strike_R","Strike_R","Defend_R","Defend_R","Defend_R"]},{"damage_healed":0,"gold_gain":0,"player_choice":"Ignored","damage_taken":0,"max_hp_gain":0,"max_hp_loss":0,"event_name":"Cursed Tome","floor":31,"gold_loss":0},{"damage_healed":0,"gold_gain":0,"player_choice":"Memory 1","damage_taken":0,"max_hp_gain":0,"max_hp_loss":0,"event_name":"SensoryStone","floor":36,"gold_loss":0},{"damage_healed":0,"gold_gain":0,"player_choice":"Fight","damage_taken":0,"max_hp_gain":0,"max_hp_loss":0,"event_name":"Mysterious Sphere","floor":39,"gold_loss":0},{"damage_healed":0,"gold_gain":0,"player_choice":"Copied","damage_taken":0,"max_hp_gain":0,"max_hp_loss":0,"event_name":"Duplicator","floor":46,"gold_loss":0,"cards_obtained":["Inflame"]}],"is_beta":false,"boss_relics":[{"not_picked":["Runic Pyramid","Empty Cage"],"picked":"Coffee Dripper"},{"not_picked":["Runic Cube","Velvet Choker"],"picked":"SlaversCollar"}],"items_purged_floors":[20],"is_endless":false,"potions_floor_spawned":[1,8,10,12,13,14,24,33,38,42,44,45,48],"ascension_level":20}