{"gold_per_floor":[110,126,126,141,40,40,40,40,64,64,77,77,77,98,98,98],"floor_reached":16,"playtime":321,"items_purged":["Normality"],"score":90,"play_id":"11e87f2b-0111-4af3-8314-ad47869dadc9","local_time":"20230912051644","is_ascension_mode":false,"campfire_choices":[{"data":"Bash","floor":12,"key":"SMITH"},{"data":"Inflame","floor":15,"key":"SMITH"}],"neow_cost":"CURSE","seed_source_timestamp":189713692206600,"circlet_count":0,"master_deck":["Strike_R","Strike_R","Strike_R","Defend_R","Defend_R","Defend_R","Defend_R+1","Bash+1","Offering","Feed+1","Shrug It Off","Heavy Blade","Twin Strike","Parasite","Thunderclap","Inflame+1"],"relics":["Burning Blood","Golden Idol","Potion Belt","Strawberry"],"potions_floor_usage":[],"damage_taken":[{"damage":16,"enemies":"Small Slimes","floor":1,"turns":4},{"damage":21,"enemies":"Jaw Worm","floor":2,"turns":4},{"damage":6,"enemies":"2 Louse","floor":4,"turns":4},{"damage":14,"enemies":"Large Slime","floor":11,"turns":4},{"damage":11,"enemies":"Exordium Wildlife","floor":14,"turns":5},{"damage":69,"enemies":"The Guardian","floor":16,"turns":12}],"seed_played":"6589490389351392520","potions_obtained":[{"floor":11,"key":"Strength Potion"},{"floor":14,"key":"FearPotion"}],"is_trial":false,"path_per_floor":["M","M","?","M","$","?","?","?","T","T","M","R","$","M","R","B"],"character_chosen":"IRONCLAD","items_purchased":["Twin Strike"],"campfire_rested":0,"item_purchase_floors":[5],"current_hp_per_floor":[73,61,44,44,44,44,44,64,64,71,67,67,67,62,62,0],"gold":98,"neow_bonus":"TRANSFORM_TWO_CARDS","is_prod":false,"is_daily":false,"chose_seed":false,"campfire_upgraded":2,"win_rate":0,"timestamp":1694521004,"path_taken":["M","M","?","M","$","?","?","?","T","?","M","R","$","M","R","BOSS"],"build_version":"2022-12-18","purchased_purges":1,"victory":false,"max_hp_per_floor":[83,86,86,86,86,80,80,80,80,87,91,91,91,91,91,91],"card_choices":[{"not_picked":["Perfected Strike","True Grit","Entrench"],"picked":"SKIP","floor":1},{"not_picked":["Perfected Strike","Blood for Blood"],"picked":"Shrug It Off","floor":2},{"not_picked":["Pommel Strike","Immolate"],"picked":"Heavy Blade","floor":4},{"not_picked":["Headbutt","Feel No Pain"],"picked":"Thunderclap","floor":11},{"not_picked":["Power Through","Cleave"],"picked":"Inflame","floor":14}],"player_experience":563545,"relics_obtained":[{"floor":9,"key":"Potion Belt"},{"floor":10,"key":"Strawberry"}],"event_choices":[{"damage_healed":0,"gold_gain":0,"player_choice":"Entered Light","damage_taken":17,"max_hp_gain":0,"max_hp_loss":0,"event_name":"Shining Light","floor":3,"gold_loss":0,"cards_upgraded":["Feed","Defend_R"]},{"damage_healed":0,"gold_gain":0,"player_choice":"Lose Max HP","damage_taken":0,"relics_obtained":["Golden Idol"],"max_hp_gain":0,"max_hp_loss":6,"event_name":"Golden Idol","floor":6,"gold_loss":0},{"damage_healed":0,"gold_gain":0,"player_choice":"Searched \u00270\u0027 times","damage_taken":0,"max_hp_gain":0,"max_hp_loss":0,"event_name":"Dead Adventurer","floor":7,"gold_loss":0},{"damage_healed":20,"gold_gain":0,"player_choice":"Healed and dodged fight","damage_taken":0,"max_hp_gain":0,"max_hp_loss":0,"event_name":"Mushrooms","floor":8,"gold_loss":0,"cards_obtained":["Parasite"]}],"is_beta":false,"boss_relics":[],"items_purged_floors":[5],"is_endless":false,"potions_floor_spawned":[11,14],"killed_by":"The Guardian","ascension_level":0}