{"gold_per_floor":[116,116,126,126,138,138,158,158,236,236,266,266,291,311,311,408,408,418,418,418,444,165,165,196,196,196,111,129,158,158,178,178,275,275,285,302,302,320,338,372,390,437,461,471,226,226,226,259,259,259,259,259,50,81,81],"floor_reached":56,"playtime":3432,"items_purged":["Strike_R","Strike_R+1","Strike_R+1"],"score":1610,"play_id":"5fd79bad-9e41-4e59-a38b-fe5f56bd3556","local_time":"20230921200218","is_ascension_mode":true,"campfire_choices":[{"data":"Sever Soul","floor":6.0,"key":"SMITH"},{"data":"Uppercut","floor":8.0,"key":"SMITH"},{"data":"Feed","floor":12,"key":"SMITH"},{"data":"Armaments","floor":15,"key":"SMITH"},{"data":"Brutality","floor":23,"key":"SMITH"},{"data":"Rupture","floor":30,"key":"SMITH"},{"data":"Pommel Strike","floor":32,"key":"SMITH"},{"data":"Heavy Blade","floor":46,"key":"SMITH"},{"floor":49,"key":"RECALL"},{"data":"Shockwave","floor":52,"key":"SMITH"}],"neow_cost":"NONE","seed_source_timestamp":403770403582800,"circlet_count":0,"master_deck":["Strike_R+1","Defend_R+1","Defend_R+1","Defend_R+1","Defend_R+1","Bash+1","Pommel Strike+1","Sever Soul+1","Armaments+1","Uppercut+1","Feed+1","Brutality+1","Bloodletting+1","Ghostly+1","Ghostly","Ghostly","Ghostly","Ghostly","Rupture+1","Cleave","Disarm","Headbutt+1","Headbutt+1","Exhume","Flame Barrier+1","Rupture+1","Shrug It Off+1","Heavy Blade+1","Shockwave+1","Pummel","Exhume","Battle Trance+1"],"special_seed":0,"relics":["Burning Blood","Letter Opener","Nunchaku","Tiny Chest","Smiling Mask","Coffee Dripper","War Paint","ClockworkSouvenir","Lantern","Oddly Smooth Stone","Omamori","Vajra","Velvet Choker","Whetstone","Bag of Marbles","Frozen Eye","Centennial Puzzle","Anchor"],"potions_floor_usage":[16,33,33,40,54,55,55],"damage_taken":[{"damage":11.0,"enemies":"Small Slimes","floor":1.0,"turns":6.0},{"damage":1.0,"enemies":"Jaw Worm","floor":3.0,"turns":4.0},{"damage":6.0,"enemies":"2 Louse","floor":5.0,"turns":4.0},{"damage":0.0,"enemies":"Large Slime","floor":7.0,"turns":3.0},{"damage":12.0,"enemies":"Gremlin Nob","floor":11.0,"turns":3.0},{"damage":26,"enemies":"3 Sentries","floor":13,"turns":8},{"damage":3,"enemies":"Looter","floor":14,"turns":4},{"damage":26,"enemies":"The Guardian","floor":16,"turns":12},{"damage":19,"enemies":"Spheric Guardian","floor":18,"turns":4},{"damage":31,"enemies":"Book of Stabbing","floor":24,"turns":7},{"damage":5,"enemies":"3 Byrds","floor":28,"turns":5},{"damage":8,"enemies":"Gremlin Leader","floor":29,"turns":7},{"damage":9,"enemies":"Snake Plant","floor":31,"turns":7},{"damage":7,"enemies":"Champ","floor":33,"turns":6},{"damage":13,"enemies":"Orb Walker","floor":35,"turns":5},{"damage":4,"enemies":"3 Shapes","floor":36,"turns":5},{"damage":21,"enemies":"Writhing Mass","floor":38,"turns":8},{"damage":6,"enemies":"Jaw Worm Horde","floor":39,"turns":5},{"damage":16,"enemies":"Giant Head","floor":40,"turns":8},{"damage":8,"enemies":"Sphere and 2 Shapes","floor":41,"turns":4},{"damage":4,"enemies":"Spire Growth","floor":44,"turns":5},{"damage":5,"enemies":"Reptomancer","floor":48,"turns":5},{"damage":9,"enemies":"Awakened One","floor":50,"turns":8},{"damage":28,"enemies":"Shield and Spear","floor":54,"turns":6},{"damage":46,"enemies":"The Heart","floor":55,"turns":6}],"seed_played":"8696777369905107564","potions_obtained":[{"floor":3.0,"key":"Weak Potion"},{"floor":7.0,"key":"SkillPotion"},{"floor":11,"key":"Strength Potion"},{"floor":16,"key":"Fire Potion"},{"floor":24,"key":"SteroidPotion"},{"floor":33,"key":"BloodPotion"},{"floor":36,"key":"ColorlessPotion"},{"floor":39,"key":"BlessingOfTheForge"},{"floor":40,"key":"GamblersBrew"}],"is_trial":false,"path_per_floor":["M","?","M","?","M","R","M","R","T","?","E","R","E","M","R","B",null,"M","?","?","T","$","R","E","?","T","?","M","E","R","M","R","B",null,"M","M","?","M","M","E","M","T","T","M","$","R","?","E","R","B",null,"R","$","E","B",null],"character_chosen":"IRONCLAD","items_purchased":["Rupture","ClockworkSouvenir","SteroidPotion","Frozen Eye","Exhume"],"campfire_rested":0,"item_purchase_floors":[22,22,45,45,53],"current_hp_per_floor":[75,80,85,68,68,68,74,74,74,67,61,61,45,52,52,36,82,73,53,53,53,53,53,28,28,28,28,33,35,35,36,36,35,58,55,61,61,50,58,65,71,71,71,77,77,77,77,82,82,83,100,100,100,78,38],"gold":81,"neow_bonus":"REMOVE_CARD","is_prod":false,"is_daily":false,"chose_seed":false,"campfire_upgraded":9,"win_rate":0,"timestamp":1695351738,"path_taken":["M","?","M","?","M","R","M","R","T","?","E","R","E","?","R","BOSS","M","?","?","?","$","R","E","?","T","?","M","E","R","M","R","BOSS","M","M","?","M","M","E","M","?","T","M","$","R","?","E","R","BOSS","R","$","E","BOSS"],"build_version":"2022-12-18","purchased_purges":3,"victory":true,"max_hp_per_floor":[80,85,85,85,85,85,85,85,85,85,85,85,89,93,93,97,97,101,106,53,53,53,53,53,53,53,53,57,61,61,65,65,65,65,69,73,73,77,85,85,93,93,93,97,97,97,97,101,101,105,105,105,105,105,105],"card_choices":[{"not_picked":["Intimidate","Perfected Strike"],"picked":"Pommel Strike","floor":1.0},{"not_picked":["Anger","Pummel"],"picked":"Sever Soul","floor":3.0},{"not_picked":["Thunderclap","Sword Boomerang"],"picked":"Armaments","floor":5.0},{"not_picked":["Bludgeon","Twin Strike"],"picked":"Uppercut","floor":7.0},{"not_picked":["Ghostly Armor","Flex"],"picked":"Feed","floor":11},{"not_picked":["Wild Strike","Blood for Blood","Sword Boomerang"],"picked":"SKIP","floor":13},{"not_picked":["Uppercut","Rage","Perfected Strike"],"picked":"SKIP","floor":14},{"not_picked":["Double Tap","Fiend Fire"],"picked":"Brutality","floor":16},{"not_picked":["Dual Wield","Feel No Pain"],"picked":"Bloodletting+1","floor":18},{"not_picked":["Perfected Strike","Iron Wave"],"picked":"Cleave","floor":24},{"not_picked":["Infernal Blade","Dropkick"],"picked":"Disarm","floor":28},{"not_picked":["Flame Barrier","Body Slam+1"],"picked":"Headbutt","floor":29},{"not_picked":["Intimidate","Body Slam"],"picked":"Headbutt","floor":31},{"not_picked":["Brutality","Feed"],"picked":"Exhume","floor":33},{"not_picked":["Thunderclap+1","Twin Strike"],"picked":"Flame Barrier+1","floor":35},{"not_picked":["Cleave+1","Feel No Pain","Iron Wave"],"picked":"SKIP","floor":36},{"not_picked":["Ghostly Armor","Feel No Pain","Headbutt+1"],"picked":"SKIP","floor":38},{"not_picked":["Sever Soul+1","Iron Wave"],"picked":"Shrug It Off+1","floor":39},{"not_picked":["Juggernaut","Offering"],"picked":"Heavy Blade","floor":40},{"not_picked":["Thunderclap+1","Power Through"],"picked":"Shockwave","floor":41},{"not_picked":["Evolve+1","Clothesline+1","Twin Strike"],"picked":"SKIP","floor":44},{"not_picked":["Armaments","Iron Wave"],"picked":"Pummel","floor":48},{"not_picked":["Bloodletting+1","True Grit+1"],"picked":"Battle Trance+1","floor":54}],"player_experience":691120,"relics_obtained":[{"floor":9.0,"key":"Letter Opener"},{"floor":11,"key":"Tiny Chest"},{"floor":13,"key":"Smiling Mask"},{"floor":21,"key":"War Paint"},{"floor":24,"key":"Lantern"},{"floor":26,"key":"Oddly Smooth Stone"},{"floor":29,"key":"Vajra"},{"floor":40,"key":"Whetstone"},{"floor":43,"key":"Bag of Marbles"},{"floor":48,"key":"Centennial Puzzle"},{"floor":54,"key":"Anchor"}],"event_choices":[{"damage_healed":0.0,"max_hp_gain":5.0,"max_hp_loss":0.0,"gold_gain":0.0,"event_name":"Big Fish","player_choice":"Donut","floor":2.0,"gold_loss":0.0,"damage_taken":0.0},{"damage_healed":0.0,"max_hp_gain":0.0,"max_hp_loss":0.0,"gold_gain":0.0,"event_name":"Shining Light","player_choice":"Entered Light","floor":4.0,"gold_loss":0.0,"damage_taken":17.0,"cards_upgraded":["Defend_R","Bash"]},{"damage_healed":0.0,"max_hp_gain":0.0,"max_hp_loss":0.0,"gold_gain":0.0,"event_name":"Scrap Ooze","player_choice":"Success","floor":10.0,"gold_loss":0.0,"damage_taken":7.0,"relics_obtained":["Nunchaku"]},{"damage_healed":0,"gold_gain":0,"player_choice":"Shed Blood","damage_taken":25,"max_hp_gain":5,"max_hp_loss":0,"event_name":"Forgotten Altar","floor":19,"gold_loss":0},{"damage_healed":0,"gold_gain":0,"player_choice":"Became a Ghost","damage_taken":0,"max_hp_gain":0,"max_hp_loss":53,"event_name":"Ghosts","floor":20,"gold_loss":0,"cards_obtained":["Ghostly","Ghostly","Ghostly","Ghostly","Ghostly"]},{"damage_healed":0,"gold_gain":0,"player_choice":"Simplicity","damage_taken":0,"max_hp_gain":0,"max_hp_loss":0,"event_name":"Back to Basics","floor":25,"gold_loss":0,"cards_upgraded":["Strike_R","Strike_R","Strike_R","Defend_R","Defend_R"]},{"damage_healed":0,"gold_gain":0,"player_choice":"Obtained Relic","damage_taken":0,"relics_obtained":["Omamori"],"max_hp_gain":0,"max_hp_loss":0,"event_name":"Addict","floor":27,"gold_loss":85},{"damage_healed":0,"gold_gain":0,"player_choice":"Copied","damage_taken":0,"max_hp_gain":0,"max_hp_loss":0,"event_name":"Duplicator","floor":37,"gold_loss":0,"cards_obtained":["Rupture"]},{"damage_healed":0,"gold_gain":0,"player_choice":"Memory 1","damage_taken":0,"max_hp_gain":0,"max_hp_loss":0,"event_name":"SensoryStone","floor":47,"gold_loss":0}],"is_beta":false,"boss_relics":[{"not_picked":["Astrolabe","Fusion Hammer"],"picked":"Coffee Dripper"},{"not_picked":["Busted Crown","Runic Pyramid"],"picked":"Velvet Choker"}],"items_purged_floors":[22,45,53],"is_endless":false,"potions_floor_spawned":[3,7,11,16,24,33,36,39,40],"ascension_level":5}