{"gold_per_floor":[109,120,120,130,157,169,197,237,249,272,318,340,380,265,265,265],"floor_reached":16,"playtime":622,"items_purged":["Strike_R"],"score":140,"play_id":"98ab5c0e-aa23-4f66-a0bc-05bf2c2211f6","local_time":"20230919151051","is_ascension_mode":true,"campfire_choices":[{"data":"Bash","floor":6,"key":"SMITH"},{"data":"Armaments","floor":15,"key":"SMITH"}],"neow_cost":"NONE","seed_source_timestamp":216313796777900,"circlet_count":0,"master_deck":["Strike_R","Strike_R","Strike_R","Defend_R","Defend_R","Defend_R","Defend_R","Bash+1","Brutality","Sword Boomerang","Armaments+1","Anger","Bloodletting","Immolate","Shrug It Off","Rupture","Limit Break","Flame Barrier","Shrug It Off"],"relics":["Burning Blood","Pen Nib","MawBank","Art of War","Centennial Puzzle","Juzu Bracelet"],"potions_floor_usage":[8,16,16],"damage_taken":[{"damage":7,"enemies":"Jaw Worm","floor":1,"turns":5},{"damage":0,"enemies":"Small Slimes","floor":2,"turns":3},{"damage":0,"enemies":"2 Louse","floor":4,"turns":3},{"damage":7,"enemies":"Exordium Wildlife","floor":7,"turns":4},{"damage":42,"enemies":"Gremlin Nob","floor":8,"turns":5},{"damage":17,"enemies":"Exordium Thugs","floor":10,"turns":5},{"damage":13,"enemies":"3 Sentries","floor":11,"turns":5},{"damage":2,"enemies":"Blue Slaver","floor":12,"turns":3},{"damage":8,"enemies":"Gremlin Nob","floor":13,"turns":3},{"damage":38,"enemies":"The Guardian","floor":16,"turns":8}],"seed_played":"-6900940921953278555","potions_obtained":[{"floor":7,"key":"SkillPotion"},{"floor":8,"key":"BloodPotion"},{"floor":11,"key":"Block Potion"}],"is_trial":false,"path_per_floor":["M","M","?","M","T","R","M","E","T","M","E","M","E","$","R","B"],"character_chosen":"IRONCLAD","items_purchased":["Shrug It Off"],"campfire_rested":0,"item_purchase_floors":[14],"current_hp_per_floor":[79,80,62,68,68,68,67,31,31,20,13,17,15,15,15,0],"gold":265,"neow_bonus":"TRANSFORM_CARD","is_prod":false,"is_daily":false,"chose_seed":false,"campfire_upgraded":2,"win_rate":0,"timestamp":1695161451,"path_taken":["M","M","?","M","?","R","M","E","T","M","E","M","E","$","R","BOSS"],"build_version":"2022-12-18","purchased_purges":1,"victory":false,"max_hp_per_floor":[80,80,80,80,80,80,80,80,80,80,80,80,80,80,80,80],"card_choices":[{"not_picked":["Body Slam","Dropkick"],"picked":"Sword Boomerang","floor":1},{"not_picked":["Iron Wave","Thunderclap"],"picked":"Armaments","floor":2},{"not_picked":["Clash","Sentinel"],"picked":"Anger","floor":4},{"not_picked":["Anger","Iron Wave"],"picked":"Bloodletting","floor":7},{"not_picked":["Perfected Strike","Cleave"],"picked":"Immolate","floor":8},{"not_picked":["Bloodletting","True Grit"],"picked":"Shrug It Off","floor":10},{"not_picked":["Searing Blow","Twin Strike"],"picked":"Rupture","floor":11},{"not_picked":["Cleave","Heavy Blade"],"picked":"Limit Break","floor":12},{"not_picked":["Bloodletting","Cleave"],"picked":"Flame Barrier","floor":13}],"player_experience":657987,"relics_obtained":[{"floor":5,"key":"MawBank"},{"floor":8,"key":"Art of War"},{"floor":11,"key":"Centennial Puzzle"},{"floor":13,"key":"Juzu Bracelet"}],"event_choices":[{"damage_healed":0,"gold_gain":0,"player_choice":"Success","damage_taken":18,"relics_obtained":["Pen Nib"],"max_hp_gain":0,"max_hp_loss":0,"event_name":"Scrap Ooze","floor":3,"gold_loss":0}],"is_beta":false,"boss_relics":[],"items_purged_floors":[14],"is_endless":false,"potions_floor_spawned":[7,8,11],"killed_by":"The Guardian","ascension_level":3}