{"gold_per_floor":[115,134,150,162,173,173,204,204,229,229,290,320,320,331,331,436,436,448,211,226,226,226,254,265,297,297,332,350,112,112,112,112,212,212,231,231,231,231,18,18,43,43,67,86,117,131,131,162,162,162,162,162,21,56,56],"floor_reached":56,"playtime":2170,"items_purged":["Strike_R","Strike_R","Strike_R"],"score":1456,"play_id":"d4b317ff-9d26-4088-93ba-972385e8231d","local_time":"20230919002545","is_ascension_mode":true,"campfire_choices":[{"data":"Bash","floor":6,"key":"SMITH"},{"data":"Sword Boomerang","floor":8,"key":"SMITH"},{"data":"Pommel Strike","floor":10,"key":"SMITH"},{"data":"Metallicize","floor":15,"key":"SMITH"},{"data":"Immolate","floor":30,"key":"SMITH"},{"data":"Rupture","floor":32,"key":"SMITH"},{"data":"Apotheosis","floor":40,"key":"SMITH"},{"data":"Brutality","floor":42,"key":"SMITH"},{"data":"Battle Trance","floor":47,"key":"SMITH"},{"floor":49,"key":"RECALL"},{"data":"Flame Barrier","floor":52,"key":"SMITH"}],"neow_cost":"NONE","seed_source_timestamp":161638291450200,"circlet_count":0,"master_deck":["Defend_R","Defend_R","Defend_R","Defend_R","Bash+1","Ghostly Armor","Pommel Strike+1","Battle Trance+1","Sword Boomerang+1","Offering+1","Metallicize+1","Twin Strike","Shrug It Off","Immolate+1","Evolve","Uppercut","Shockwave","Disarm","Flame Barrier+1","Exhume","Flex+1","Rupture+1","Brutality+1","Apotheosis+1","Rupture+1","Battle Trance+1","Heavy Blade+1","Limit Break"],"relics":["Burning Blood","Strawberry","Smiling Mask","Boot","Vajra","Philosopher\u0027s Stone","Sling","Nilry\u0027s Codex","War Paint","Oddly Smooth Stone","Prayer Wheel","StoneCalendar","OrangePellets","Runic Cube","Mercury Hourglass","InkBottle","Ancient Tea Set","Art of War"],"potions_floor_usage":[7,12,25,55,55],"damage_taken":[{"damage":6,"enemies":"Cultist","floor":1,"turns":4},{"damage":4,"enemies":"Jaw Worm","floor":2,"turns":5},{"damage":3,"enemies":"2 Louse","floor":3,"turns":3},{"damage":8,"enemies":"Red Slaver","floor":4,"turns":5},{"damage":10,"enemies":"2 Fungi Beasts","floor":5,"turns":5},{"damage":18,"enemies":"Lagavulin","floor":7,"turns":6},{"damage":15,"enemies":"Gremlin Nob","floor":11,"turns":4},{"damage":6,"enemies":"Gremlin Nob","floor":12,"turns":2},{"damage":0,"enemies":"Exordium Wildlife","floor":14,"turns":2},{"damage":34,"enemies":"Hexaghost","floor":16,"turns":9},{"damage":16,"enemies":"2 Thieves","floor":18,"turns":3},{"damage":0,"enemies":"Spheric Guardian","floor":20,"turns":3},{"damage":24,"enemies":"Book of Stabbing","floor":23,"turns":5},{"damage":4,"enemies":"Snake Plant","floor":24,"turns":4},{"damage":16,"enemies":"Slavers","floor":25,"turns":2},{"damage":11,"enemies":"Book of Stabbing","floor":27,"turns":4},{"damage":6,"enemies":"Snecko","floor":28,"turns":4},{"damage":19,"enemies":"Champ","floor":33,"turns":7},{"damage":6,"enemies":"3 Shapes","floor":35,"turns":1},{"damage":14,"enemies":"Reptomancer","floor":41,"turns":3},{"damage":11,"enemies":"3 Darklings","floor":44,"turns":4},{"damage":10,"enemies":"Giant Head","floor":45,"turns":5},{"damage":9,"enemies":"Maw","floor":46,"turns":4},{"damage":31,"enemies":"Nemesis","floor":48,"turns":3},{"damage":44,"enemies":"Donu and Deca","floor":50,"turns":4},{"damage":19,"enemies":"Shield and Spear","floor":54,"turns":4},{"damage":37,"enemies":"The Heart","floor":55,"turns":5}],"seed_played":"3209281909845452116","potions_obtained":[{"floor":1,"key":"Weak Potion"},{"floor":2,"key":"Energy Potion"},{"floor":7,"key":"Fire Potion"},{"floor":14,"key":"SpeedPotion"},{"floor":16,"key":"Weak Potion"},{"floor":18,"key":"Dexterity Potion"},{"floor":23,"key":"Block Potion"},{"floor":27,"key":"GamblersBrew"},{"floor":44,"key":"PowerPotion"},{"floor":45,"key":"HeartOfIron"},{"floor":48,"key":"FairyPotion"}],"is_trial":false,"path_per_floor":["M","M","M","M","M","R","E","R","T","R","?","E","?","M","R","B",null,"M","$","M","?","?","E","M","E","T","E","M","$","R","?","R","B",null,"M","?","?","?","$","R","E","R","T","M","E","M","R","E","R","B",null,"R","$","E","B",null],"character_chosen":"IRONCLAD","items_purchased":["Sling","Evolve","OrangePellets","Rupture","Apotheosis","Limit Break"],"campfire_rested":0,"item_purchase_floors":[19,19,29,29,39,53],"current_hp_per_floor":[88,88,88,86,82,82,77,77,77,77,68,68,68,74,74,46,95,85,85,91,91,75,57,59,49,49,44,44,44,44,44,44,31,95,95,95,95,90,90,90,82,82,82,77,73,70,70,45,45,7,90,90,90,77,46],"gold":56,"neow_bonus":"TEN_PERCENT_HP_BONUS","is_prod":false,"is_daily":false,"chose_seed":false,"campfire_upgraded":10,"win_rate":0,"timestamp":1695108345,"path_taken":["M","?","M","M","M","R","E","R","T","R","?","E","?","?","R","BOSS","M","$","M","?","?","E","M","E","T","E","M","?","R","?","R","BOSS","M","?","?","?","$","R","E","R","T","M","E","M","R","E","R","BOSS","R","$","E","BOSS"],"build_version":"2022-12-18","purchased_purges":3,"victory":true,"max_hp_per_floor":[88,88,88,88,88,88,95,95,95,95,95,95,95,95,95,95,95,95,95,95,95,95,95,95,95,95,95,95,95,95,95,95,95,95,95,95,95,90,90,90,90,90,90,90,90,90,90,90,90,90,90,90,90,90,90],"card_choices":[{"not_picked":["Blood for Blood","Clash"],"picked":"Ghostly Armor","floor":1},{"not_picked":["Clash","Flex","Second Wind"],"picked":"SKIP","floor":2},{"not_picked":["Iron Wave","Reckless Charge"],"picked":"Pommel Strike","floor":3},{"not_picked":["Body Slam","Rupture"],"picked":"Battle Trance","floor":4},{"not_picked":["Flex","Sever Soul"],"picked":"Sword Boomerang","floor":5},{"not_picked":["Flex","Double Tap"],"picked":"Offering","floor":7},{"not_picked":["Clothesline","Heavy Blade"],"picked":"Metallicize","floor":11},{"not_picked":["Pommel Strike","Sever Soul"],"picked":"Twin Strike","floor":12},{"not_picked":["Anger","Clash"],"picked":"Shrug It Off","floor":14},{"not_picked":["Impervious","Barricade"],"picked":"Immolate","floor":16},{"not_picked":["Pummel","Anger+1","Thunderclap"],"picked":"SKIP","floor":18},{"not_picked":["Headbutt","Heavy Blade"],"picked":"Uppercut","floor":20},{"not_picked":["Wild Strike","Clothesline+1"],"picked":"Shockwave","floor":23},{"not_picked":["Blood for Blood","Sentinel"],"picked":"Disarm","floor":24},{"not_picked":["Flex","Blood for Blood"],"picked":"Flame Barrier","floor":25},{"not_picked":["Dual Wield","Intimidate"],"picked":"Exhume","floor":27},{"not_picked":["Perfected Strike","Heavy Blade+1"],"picked":"Flex+1","floor":28},{"not_picked":["Evolve","Power Through","Body Slam+1"],"picked":"SKIP","floor":28},{"not_picked":["Immolate","Exhume"],"picked":"Brutality","floor":33},{"not_picked":["Second Wind+1","Iron Wave","Warcry"],"picked":"SKIP","floor":35},{"not_picked":["Flex","Clash+1","Power Through+1"],"picked":"SKIP","floor":35},{"not_picked":["Cleave","Ghostly Armor"],"picked":"Rupture+1","floor":41},{"not_picked":["Feel No Pain+1","Shrug It Off"],"picked":"Battle Trance","floor":44},{"not_picked":["Wild Strike","Whirlwind","Dropkick+1"],"picked":"SKIP","floor":44},{"not_picked":["Armaments","Clothesline+1"],"picked":"Heavy Blade+1","floor":45},{"not_picked":["Searing Blow+1","Warcry+1","Pummel"],"picked":"SKIP","floor":46},{"not_picked":["Entrench","Anger+1","Warcry"],"picked":"SKIP","floor":46},{"not_picked":["Headbutt","Searing Blow","Cleave+1"],"picked":"SKIP","floor":48},{"not_picked":["Combust","Flex+1","Havoc+1"],"picked":"SKIP","floor":54}],"player_experience":646834,"relics_obtained":[{"floor":7,"key":"Strawberry"},{"floor":9,"key":"Smiling Mask"},{"floor":11,"key":"Boot"},{"floor":12,"key":"Vajra"},{"floor":22,"key":"Nilry\u0027s Codex"},{"floor":23,"key":"War Paint"},{"floor":25,"key":"Oddly Smooth Stone"},{"floor":26,"key":"Prayer Wheel"},{"floor":27,"key":"StoneCalendar"},{"floor":41,"key":"Mercury Hourglass"},{"floor":45,"key":"InkBottle"},{"floor":48,"key":"Ancient Tea Set"},{"floor":54,"key":"Art of War"}],"event_choices":[{"damage_healed":0,"gold_gain":0,"player_choice":"Searched \u00271\u0027 times","damage_taken":0,"max_hp_gain":0,"max_hp_loss":0,"event_name":"Dead Adventurer","floor":11,"gold_loss":0},{"cards_removed":["Strike_R"],"damage_healed":0,"gold_gain":0,"player_choice":"Card Removal","damage_taken":0,"max_hp_gain":0,"max_hp_loss":0,"event_name":"Wheel of Change","floor":13,"gold_loss":0},{"cards_removed":["Strike_R"],"damage_healed":0,"gold_gain":0,"player_choice":"Elegance","damage_taken":0,"max_hp_gain":0,"max_hp_loss":0,"event_name":"Back to Basics","floor":21,"gold_loss":0},{"damage_healed":0,"gold_gain":0,"player_choice":"Obtained Book","damage_taken":16,"max_hp_gain":0,"max_hp_loss":0,"event_name":"Cursed Tome","floor":22,"gold_loss":0},{"damage_healed":0,"gold_gain":0,"player_choice":"Ignored","damage_taken":0,"max_hp_gain":0,"max_hp_loss":0,"event_name":"Ghosts","floor":31,"gold_loss":0},{"damage_healed":0,"gold_gain":0,"player_choice":"Ignored","damage_taken":0,"max_hp_gain":0,"max_hp_loss":0,"event_name":"Tomb of Lord Red Mask","floor":36,"gold_loss":0},{"damage_healed":0,"gold_gain":0,"player_choice":"Memory 1","damage_taken":0,"max_hp_gain":0,"max_hp_loss":0,"event_name":"SensoryStone","floor":37,"gold_loss":0},{"damage_healed":0,"gold_gain":0,"player_choice":"Max HP","damage_taken":0,"max_hp_gain":0,"max_hp_loss":5,"event_name":"Winding Halls","floor":38,"gold_loss":0}],"is_beta":false,"boss_relics":[{"not_picked":["Astrolabe","Pandora\u0027s Box"],"picked":"Philosopher\u0027s Stone"},{"not_picked":["SlaversCollar","Runic Dome"],"picked":"Runic Cube"}],"items_purged_floors":[19,29,39],"is_endless":false,"potions_floor_spawned":[1,2,7,14,16,18,23,27,33,41,44,45,48,54],"ascension_level":2}