{"gold_per_floor":[119,132,145,0,0,27,27,60,60,60,85,100,100,100,100,199,199,213,226,243,143,153,180,180,214,259,259,259,274,294,294,294,394,394,412,56,70,89,112,112,143,143,191,211,238,256,271,281,281,281],"floor_reached":50,"playtime":3007,"items_purged":["Strike_R","Strike_R","Strike_R"],"score":783,"play_id":"9f40a96d-b9a2-4362-8e16-9dc3308a8845","local_time":"20230923035734","is_ascension_mode":true,"campfire_choices":[{"data":"Pummel","floor":7,"key":"SMITH"},{"data":"True Grit","floor":10,"key":"SMITH"},{"data":"True Grit","floor":15,"key":"SMITH"},{"data":"Corruption","floor":24,"key":"SMITH"},{"data":"Fiend Fire","floor":27,"key":"SMITH"},{"data":"Spot Weakness","floor":32,"key":"SMITH"},{"data":"Evolve","floor":40,"key":"SMITH"},{"data":"Feed","floor":42,"key":"SMITH"},{"floor":49,"key":"RECALL"}],"neow_cost":"PERCENT_DAMAGE","seed_source_timestamp":519130631782200,"circlet_count":0,"master_deck":["Strike_R","Strike_R","Defend_R","Defend_R","Defend_R","Defend_R","Bash","Pummel+1","Thunderclap","Shrug It Off","Wild Strike","True Grit+1","Evolve+1","True Grit+1","Corruption+1","Headbutt","Shrug It Off","Uppercut+1","Spot Weakness+1","Fiend Fire+1","Feed+1","Warcry+1","Power Through","Twin Strike+1","Spot Weakness+1","Regret","Regret","Shrug It Off+1","Limit Break"],"relics":["Burning Blood","Akabeko","Eternal Feather","MealTicket","Lantern","Happy Flower","Mango","Runic Dome","White Beast Statue","Magic Flower","Cursed Key","Anchor","Toy Ornithopter","Blood Vial","Strawberry","Pen Nib"],"potions_floor_usage":[6,16,23,23,33,33,35,41,47,50,50],"damage_taken":[{"damage":1,"enemies":"Cultist","floor":1,"turns":3},{"damage":7,"enemies":"Jaw Worm","floor":2,"turns":5},{"damage":14,"enemies":"2 Louse","floor":3,"turns":2},{"damage":31,"enemies":"Gremlin Nob","floor":6,"turns":5},{"damage":23,"enemies":"Lagavulin","floor":8,"turns":7},{"damage":25,"enemies":"Gremlin Nob","floor":11,"turns":4},{"damage":0,"enemies":"Red Slaver","floor":12,"turns":4},{"damage":14,"enemies":"The Guardian","floor":16,"turns":14},{"damage":1,"enemies":"Spheric Guardian","floor":18,"turns":3},{"damage":25,"enemies":"3 Byrds","floor":19,"turns":6},{"damage":25,"enemies":"Snake Plant","floor":20,"turns":3},{"damage":17,"enemies":"3 Cultists","floor":22,"turns":7},{"damage":46,"enemies":"Gremlin Leader","floor":23,"turns":4},{"damage":35,"enemies":"Book of Stabbing","floor":25,"turns":5},{"damage":13,"enemies":"Snecko","floor":29,"turns":4},{"damage":24,"enemies":"Snake Plant","floor":30,"turns":2},{"damage":88,"enemies":"Automaton","floor":33,"turns":10},{"damage":25,"enemies":"3 Darklings","floor":35,"turns":6},{"damage":0,"enemies":"Orb Walker","floor":37,"turns":3},{"damage":16,"enemies":"Sphere and 2 Shapes","floor":38,"turns":4},{"damage":43,"enemies":"Reptomancer","floor":41,"turns":8},{"damage":40,"enemies":"3 Darklings","floor":44,"turns":7},{"damage":55,"enemies":"Nemesis","floor":45,"turns":7},{"damage":36,"enemies":"Transient","floor":46,"turns":5},{"damage":57,"enemies":"4 Shapes","floor":47,"turns":7},{"damage":32,"enemies":"Writhing Mass","floor":48,"turns":6},{"damage":74,"enemies":"Donu and Deca","floor":50,"turns":6}],"seed_played":"-8639472385063930162","potions_obtained":[{"floor":3,"key":"DuplicationPotion"},{"floor":11,"key":"PowerPotion"},{"floor":18,"key":"BloodPotion"},{"floor":22,"key":"FearPotion"},{"floor":25,"key":"GamblersBrew"},{"floor":29,"key":"SkillPotion"},{"floor":30,"key":"Energy Potion"},{"floor":33,"key":"FairyPotion"},{"floor":35,"key":"PowerPotion"},{"floor":37,"key":"Swift Potion"},{"floor":41,"key":"DistilledChaos"},{"floor":45,"key":"Strength Potion"},{"floor":47,"key":"Fruit Juice"},{"floor":48,"key":"ElixirPotion"}],"is_trial":false,"path_per_floor":["M","M","M","$","$","E","R","E","T","R","E","M","?","T","R","B",null,"M","M","M","$","M","E","R","E","T","R","?","M","M","?","R","B",null,"M","$","M","M","T","R","E","R","T","M","E","M","M","M","R","B"],"character_chosen":"IRONCLAD","basemod:card_modifiers":[null,null,null,null,null,null,null,null,null,null,null,null,null,null,null,null,null,null,null,null,null,null,null,null,null,null,null,null,null],"items_purchased":["Shrug It Off","Wild Strike","Power Through","Anchor"],"campfire_rested":0,"item_purchase_floors":[4,4,36,36],"current_hp_per_floor":[72,71,63,63,63,38,38,21,21,30,11,17,17,31,40,32,91,96,77,58,73,62,44,56,27,27,39,33,29,14,110,110,31,90,79,94,108,106,106,119,93,108,115,93,50,26,56,36,51,0],"gold":281,"neow_bonus":"TWENTY_PERCENT_HP_BONUS","is_prod":false,"is_daily":false,"chose_seed":false,"campfire_upgraded":8,"win_rate":0,"timestamp":1695466654,"path_taken":["M","M","M","?","$","E","R","E","T","R","E","M","?","?","R","BOSS","M","M","M","$","?","E","R","E","T","R","?","M","?","?","R","BOSS","M","$","M","?","?","R","E","R","T","?","E","M","M","M","R","BOSS"],"build_version":"2022-12-18","purchased_purges":3,"victory":false,"max_hp_per_floor":[96,96,96,96,96,96,96,96,96,96,96,96,96,110,110,110,110,110,110,110,110,110,110,110,110,110,110,110,110,110,110,110,110,110,113,113,116,119,119,119,119,119,126,130,130,130,139,139,139,139],"relic_stats":{"Blood Vial":18,"Happy Flower":[39],"counters":[27,147],"Magic Flower":[81],"Eternal Feather":85,"MealTicket":30,"Pen Nib":[3],"Cursed Key":2,"obtain_stats":[{"Lantern":11,"Happy Flower":13,"Magic Flower":25,"Eternal Feather":8,"Mango":14,"Pen Nib":45,"Cursed Key":34,"Burning Blood":0,"Akabeko":6,"White Beast Statue":23,"Blood Vial":41,"Runic Dome":17,"Anchor":36,"Strawberry":43,"MealTicket":9,"Toy Ornithopter":39},{"Lantern":6,"Happy Flower":7,"Magic Flower":14,"Eternal Feather":5,"Mango":7,"Pen Nib":23,"Cursed Key":17,"Burning Blood":0,"Akabeko":4,"White Beast Statue":13,"Blood Vial":21,"Runic Dome":8,"Anchor":18,"Strawberry":21,"MealTicket":5,"Toy Ornithopter":20},{"Lantern":26,"Happy Flower":30,"Magic Flower":72,"Eternal Feather":22,"Mango":30,"Pen Nib":123,"Cursed Key":88,"Burning Blood":0,"Akabeko":15,"White Beast Statue":67,"Blood Vial":109,"Runic Dome":44,"Anchor":94,"Strawberry":109,"MealTicket":22,"Toy Ornithopter":101}],"Burning Blood":192,"White Beast Statue":[0.0,0.023354880000000015,0.0,0.25910118400000015,0.0,0.49384089600000036,0.0,0.20870400000000014,0.0,0.014999040000000009,0.0,6.0671088640000015],"Toy Ornithopter":29},"card_choices":[{"not_picked":["Heavy Blade","Entrench"],"picked":"Pummel","floor":1},{"not_picked":["Clash","Clothesline"],"picked":"Sever Soul","floor":2},{"not_picked":["Sentinel","Rampage"],"picked":"Thunderclap","floor":3},{"not_picked":["Brutality","Body Slam"],"picked":"True Grit","floor":6},{"not_picked":["Barricade","Exhume"],"picked":"Evolve","floor":8},{"not_picked":["Clothesline","Limit Break"],"picked":"True Grit","floor":11},{"not_picked":["Havoc","Clash","Iron Wave"],"picked":"SKIP","floor":12},{"not_picked":["Offering","Demon Form"],"picked":"Corruption","floor":16},{"not_picked":["Reckless Charge","Armaments"],"picked":"Headbutt","floor":18},{"not_picked":["Body Slam","Perfected Strike"],"picked":"Shrug It Off","floor":19},{"not_picked":["Thunderclap","Warcry","Clash"],"picked":"SKIP","floor":20},{"not_picked":["Battle Trance","Warcry"],"picked":"Uppercut+1","floor":22},{"not_picked":["Shrug It Off+1","Searing Blow"],"picked":"Spot Weakness","floor":23},{"not_picked":["Iron Wave","Warcry"],"picked":"Fiend Fire","floor":25},{"not_picked":["Perfected Strike","Blood for Blood","Clash"],"picked":"SKIP","floor":29},{"not_picked":["Intimidate","Iron Wave+1","Pommel Strike"],"picked":"SKIP","floor":30},{"not_picked":["Barricade","Berserk"],"picked":"Feed","floor":33},{"not_picked":["Searing Blow+1","Headbutt+1"],"picked":"Warcry+1","floor":35},{"not_picked":["Clothesline","Thunderclap"],"picked":"Twin Strike+1","floor":37},{"not_picked":["Seeing Red","Cleave"],"picked":"Spot Weakness+1","floor":38},{"not_picked":["Clash","Body Slam","Metallicize+1"],"picked":"SKIP","floor":41},{"not_picked":["Intimidate","Reckless Charge","Iron Wave"],"picked":"SKIP","floor":44},{"not_picked":["Fire Breathing","Flex+1"],"picked":"Shrug It Off+1","floor":45},{"not_picked":["Armaments","Clash+1","Warcry"],"picked":"SKIP","floor":46},{"not_picked":["Twin Strike","Perfected Strike"],"picked":"Limit Break","floor":47},{"not_picked":["Flex+1","Iron Wave","Headbutt"],"picked":"SKIP","floor":48}],"player_experience":708401,"relics_obtained":[{"floor":6,"key":"Akabeko"},{"floor":8,"key":"Eternal Feather"},{"floor":9,"key":"MealTicket"},{"floor":11,"key":"Lantern"},{"floor":14,"key":"Mango"},{"floor":23,"key":"White Beast Statue"},{"floor":25,"key":"Magic Flower"},{"floor":39,"key":"Toy Ornithopter"},{"floor":41,"key":"Blood Vial"},{"floor":43,"key":"Strawberry"},{"floor":45,"key":"Pen Nib"}],"event_choices":[{"damage_healed":0,"gold_gain":0,"player_choice":"Searched \u00271\u0027 times","damage_taken":0,"relics_obtained":["Happy Flower"],"max_hp_gain":0,"max_hp_loss":0,"event_name":"Dead Adventurer","floor":13,"gold_loss":0},{"damage_healed":0,"gold_gain":0,"player_choice":"","damage_taken":6,"max_hp_gain":0,"max_hp_loss":0,"event_name":"Knowing Skull","floor":28,"potions_obtained":[],"gold_loss":0,"cards_obtained":[]},{"cards_removed":["Sever Soul"],"damage_healed":96,"gold_gain":0,"player_choice":"Offered Uncommon","damage_taken":0,"max_hp_gain":0,"max_hp_loss":0,"event_name":"Bonfire Elementals","floor":31,"gold_loss":0}],"is_beta":false,"boss_relics":[{"not_picked":["Busted Crown","Calling Bell"],"picked":"Runic Dome"},{"not_picked":["Pandora\u0027s Box","Black Star"],"picked":"Cursed Key"}],"items_purged_floors":[4,21,36],"is_endless":false,"potions_floor_spawned":[3,11,18,22,25,29,30,33,35,37,38,41,44,45,46,47,48],"killed_by":"Donu and Deca","ascension_level":6}