{"gold_per_floor":[114,125,125,138,155,186,186,218,218,235,253,282,295,323,323,418,418,428,343,375,387,399,428,428,38,38,53,53,84,94,494,494,598,598,612,123,33,45,63,94,94,128,128,128,3,3,3,15,15,15,15,15,15,44,44],"floor_reached":56,"playtime":3489,"items_purged":["Strike_R","Strike_R","Decay"],"score":1642,"play_id":"a7d300f6-261f-4a42-b7a6-049e09d98c7d","local_time":"20230920200530","is_ascension_mode":true,"campfire_choices":[{"data":"Corruption","floor":7,"key":"SMITH"},{"data":"Bash","floor":15,"key":"SMITH"},{"data":"True Grit","floor":24,"key":"SMITH"},{"data":"Sword Boomerang","floor":28,"key":"SMITH"},{"data":"Burning Pact","floor":32,"key":"SMITH"},{"data":"Offering","floor":41,"key":"SMITH"},{"data":"True Grit","floor":44,"key":"SMITH"},{"floor":49,"key":"RECALL"},{"data":"Sword Boomerang","floor":52,"key":"SMITH"}],"neow_cost":"NONE","seed_source_timestamp":317510307869500,"circlet_count":0,"master_deck":["Strike_R","Strike_R","Defend_R","Defend_R","Defend_R+1","Defend_R","Bash+1","Corruption+1","Metallicize","Sword Boomerang+1","Hemokinesis","True Grit+1","Pommel Strike","True Grit+1","Dark Embrace+1","Sword Boomerang+1","Power Through","Burning Pact+1","Exhume","Rupture+1","True Grit+1","Battle Trance","Impervious","Combust+1","Pommel Strike+1","Reaper+1","Battle Trance","Barricade+1","Twin Strike+1","Offering+1","Dark Embrace+1","Feel No Pain+1","Limit Break","Flex+1","Master of Strategy","Shrug It Off+1","Warcry+1"],"relics":["Burning Blood","Incense Burner","Akabeko","Sundial","Frozen Egg 2","StrikeDummy","Regal Pillow","Cursed Key","HornCleat","Red Mask","Molten Egg 2","Question Card","Mercury Hourglass","Old Coin","Letter Opener","Coffee Dripper","Bag of Preparation","Darkstone Periapt","Pantograph","Pear"],"potions_floor_usage":[6,8,16,22,23,33,55,55,55],"damage_taken":[{"damage":7,"enemies":"Jaw Worm","floor":1,"turns":4},{"damage":0,"enemies":"Small Slimes","floor":2,"turns":3},{"damage":2,"enemies":"Cultist","floor":4,"turns":4},{"damage":10,"enemies":"Large Slime","floor":5,"turns":8},{"damage":26,"enemies":"Lagavulin","floor":6,"turns":6},{"damage":15,"enemies":"Gremlin Nob","floor":8,"turns":3},{"damage":2,"enemies":"2 Fungi Beasts","floor":10,"turns":2},{"damage":3,"enemies":"Exordium Thugs","floor":11,"turns":5},{"damage":14,"enemies":"Lagavulin","floor":12,"turns":7},{"damage":0,"enemies":"3 Louse","floor":13,"turns":3},{"damage":7,"enemies":"3 Sentries","floor":14,"turns":6},{"damage":37,"enemies":"The Guardian","floor":16,"turns":13},{"damage":7,"enemies":"Chosen","floor":18,"turns":5},{"damage":13,"enemies":"Masked Bandits","floor":20,"turns":4},{"damage":0,"enemies":"3 Byrds","floor":21,"turns":6},{"damage":8,"enemies":"Cultist and Chosen","floor":22,"turns":7},{"damage":11,"enemies":"Slavers","floor":23,"turns":7},{"damage":5,"enemies":"Centurion and Healer","floor":27,"turns":5},{"damage":4,"enemies":"Gremlin Leader","floor":29,"turns":4},{"damage":2,"enemies":"Shelled Parasite and Fungi","floor":30,"turns":4},{"damage":4,"enemies":"Colosseum Slavers","floor":31,"turns":3},{"damage":5,"enemies":"Colosseum Nobs","floor":31,"turns":4},{"damage":39,"enemies":"Automaton","floor":33,"turns":7},{"damage":10,"enemies":"3 Darklings","floor":35,"turns":5},{"damage":0,"enemies":"Orb Walker","floor":38,"turns":3},{"damage":10,"enemies":"3 Darklings","floor":39,"turns":3},{"damage":13,"enemies":"Reptomancer","floor":40,"turns":4},{"damage":11,"enemies":"Nemesis","floor":42,"turns":3},{"damage":14,"enemies":"Transient","floor":48,"turns":5},{"damage":10,"enemies":"Donu and Deca","floor":50,"turns":5},{"damage":22,"enemies":"Shield and Spear","floor":54,"turns":4},{"damage":22,"enemies":"The Heart","floor":55,"turns":4}],"seed_played":"-5382676510632194190","potions_obtained":[{"floor":1,"key":"BlessingOfTheForge"},{"floor":2,"key":"SneckoOil"},{"floor":10,"key":"Ancient Potion"},{"floor":12,"key":"SkillPotion"},{"floor":13,"key":"Swift Potion"},{"floor":14,"key":"Dexterity Potion"},{"floor":18,"key":"DistilledChaos"},{"floor":27,"key":"Weak Potion"},{"floor":31,"key":"ColorlessPotion"},{"floor":39,"key":"Energy Potion"},{"floor":40,"key":"GamblersBrew"}],"is_trial":false,"path_per_floor":["M","M","?","M","M","E","R","E","T","M","M","E","M","E","R","B",null,"M","?","?","M","M","E","R","$","T","M","R","E","M","?","R","B",null,"M","$","?","M","M","E","R","E","T","R","$","?","$","M","R","B",null,"R","$","E","B",null],"character_chosen":"IRONCLAD","items_purchased":["Combust+1","Question Card","Bag of Preparation","Offering","Dark Embrace+1"],"campfire_rested":0,"item_purchase_floors":[25,25,36,36,36],"current_hp_per_floor":[79,80,68,72,68,48,48,39,39,43,46,38,44,43,43,12,80,79,79,72,78,76,71,71,71,71,72,72,74,78,80,80,48,80,76,76,76,80,80,80,80,75,81,81,81,81,81,86,86,86,86,86,86,81,80],"gold":44,"neow_bonus":"ONE_RANDOM_RARE_CARD","is_prod":false,"is_daily":false,"chose_seed":false,"campfire_upgraded":8,"win_rate":0,"timestamp":1695265530,"path_taken":["M","M","?","M","M","E","R","E","T","M","M","E","M","E","R","BOSS","M","?","?","M","?","E","R","$","T","?","R","E","M","?","R","BOSS","M","$","?","M","M","E","R","E","T","R","?","?","?","M","R","BOSS","R","$","E","BOSS"],"build_version":"2022-12-18","purchased_purges":3,"victory":true,"max_hp_per_floor":[80,80,80,80,80,80,80,80,80,80,80,80,80,80,80,80,80,80,80,80,80,80,80,80,80,80,80,80,80,80,80,80,80,80,80,80,80,80,80,80,80,80,86,86,86,86,86,86,86,86,86,86,86,96,96],"card_choices":[{"not_picked":["Rupture","Rampage"],"picked":"Metallicize","floor":1},{"not_picked":["Perfected Strike","Clash"],"picked":"Sword Boomerang","floor":2},{"not_picked":["Perfected Strike","Warcry"],"picked":"Hemokinesis","floor":4},{"not_picked":["Pummel","Twin Strike"],"picked":"True Grit","floor":5},{"not_picked":["Blood for Blood","Combust"],"picked":"Pommel Strike","floor":6},{"not_picked":["Armaments","Carnage"],"picked":"True Grit","floor":8},{"not_picked":["Intimidate","Thunderclap"],"picked":"Dark Embrace+1","floor":10},{"not_picked":["Twin Strike","Carnage"],"picked":"Sword Boomerang","floor":11},{"not_picked":["Body Slam","Hemokinesis"],"picked":"Power Through","floor":12},{"not_picked":["Dual Wield","Perfected Strike"],"picked":"Burning Pact","floor":13},{"not_picked":["Clash","Sever Soul","Thunderclap"],"picked":"SKIP","floor":14},{"not_picked":["Juggernaut+1","Bludgeon"],"picked":"Exhume","floor":16},{"not_picked":["Perfected Strike","Searing Blow+1"],"picked":"Rupture+1","floor":18},{"not_picked":["Warcry+1","Sword Boomerang"],"picked":"True Grit+1","floor":20},{"not_picked":["True Grit","Armaments","Flex"],"picked":"SKIP","floor":21},{"not_picked":["Sword Boomerang","Bludgeon"],"picked":"Battle Trance","floor":22},{"not_picked":["Clothesline+1","Bludgeon+1"],"picked":"Impervious","floor":23},{"not_picked":["Battle Trance","Heavy Blade+1","Iron Wave+1"],"picked":"Pommel Strike+1","floor":27},{"not_picked":["Disarm","Clash+1","Wild Strike+1"],"picked":"Reaper+1","floor":29},{"not_picked":["Havoc","Searing Blow+1","Carnage+1","Anger+1"],"picked":"SKIP","floor":30},{"not_picked":["Havoc","Flex+1","Wild Strike+1"],"picked":"Battle Trance","floor":31},{"not_picked":["Berserk+1","Corruption+1","Impervious"],"picked":"Barricade+1","floor":33},{"not_picked":["Combust+1","Perfected Strike+1","Body Slam+1"],"picked":"Twin Strike+1","floor":35},{"not_picked":["Combust+1","Cleave+1","Anger+1","Intimidate"],"picked":"SKIP","floor":38},{"not_picked":["Perfected Strike+1","Pommel Strike+1","Headbutt+1"],"picked":"Feel No Pain+1","floor":39},{"not_picked":["True Grit+1","Spot Weakness+1","Armaments"],"picked":"Limit Break","floor":40},{"not_picked":["Twin Strike+1","Rampage+1","Flame Barrier"],"picked":"Flex+1","floor":42},{"not_picked":["Trip","Mind Blast+1","Madness"],"picked":"Master of Strategy","floor":46},{"not_picked":["Uppercut+1","Rampage+1","Heavy Blade+1"],"picked":"Shrug It Off+1","floor":48},{"not_picked":["Evolve+1","Clash+1","Twin Strike+1"],"picked":"Warcry+1","floor":54}],"player_experience":681473,"relics_obtained":[{"floor":6,"key":"Akabeko"},{"floor":8,"key":"Sundial"},{"floor":9,"key":"Frozen Egg 2"},{"floor":12,"key":"StrikeDummy"},{"floor":14,"key":"Regal Pillow"},{"floor":20,"key":"Red Mask"},{"floor":23,"key":"Molten Egg 2"},{"floor":29,"key":"Mercury Hourglass"},{"floor":31,"key":"Old Coin"},{"floor":31,"key":"Letter Opener"},{"floor":40,"key":"Darkstone Periapt"},{"floor":42,"key":"Pantograph"},{"floor":54,"key":"Pear"}],"event_choices":[{"damage_healed":0,"gold_gain":0,"player_choice":"Success","damage_taken":12,"relics_obtained":["Incense Burner"],"max_hp_gain":0,"max_hp_loss":0,"event_name":"Scrap Ooze","floor":3,"gold_loss":0},{"damage_healed":0,"gold_gain":0,"player_choice":"Obtained Relic","damage_taken":0,"relics_obtained":["HornCleat"],"max_hp_gain":0,"max_hp_loss":0,"event_name":"Addict","floor":19,"gold_loss":85},{"damage_healed":0,"gold_gain":0,"player_choice":"Fought Bandits","damage_taken":0,"max_hp_gain":0,"max_hp_loss":0,"event_name":"Masked Bandits","floor":20,"gold_loss":0},{"damage_healed":0,"gold_gain":0,"player_choice":"Fight","damage_taken":0,"max_hp_gain":0,"max_hp_loss":0,"event_name":"Colosseum","floor":31,"gold_loss":0},{"damage_healed":0,"gold_gain":0,"player_choice":"Fought Nobs","damage_taken":0,"max_hp_gain":0,"max_hp_loss":0,"event_name":"Colosseum","floor":31,"gold_loss":0},{"cards_removed":["Strike_R"],"damage_healed":0,"gold_gain":0,"player_choice":"Upgrade and Remove","damage_taken":0,"max_hp_gain":0,"max_hp_loss":0,"event_name":"Designer","floor":37,"gold_loss":90,"cards_upgraded":["Defend_R"]},{"damage_healed":0,"gold_gain":0,"player_choice":"Memory 1","damage_taken":0,"max_hp_gain":0,"max_hp_loss":0,"event_name":"SensoryStone","floor":46,"gold_loss":0}],"is_beta":false,"boss_relics":[{"not_picked":["SlaversCollar","Pandora\u0027s Box"],"picked":"Cursed Key"},{"not_picked":["Black Blood","Fusion Hammer"],"picked":"Coffee Dripper"}],"items_purged_floors":[25,36,45],"is_endless":false,"potions_floor_spawned":[1,2,10,12,13,14,18,21,27,31,39,40],"ascension_level":4}