{"gold_per_floor":[116,134,84,102,102,115,135,135,211,227,227,256,256,281,281,382,382,382,382,382,382,269,269,269,269,269,269,9,9,9,9,9,9],"floor_reached":33,"playtime":1391,"items_purged":["Strike_R","Strike_R"],"score":480,"play_id":"d76a95ab-5b02-45a1-a37d-29588a77d1cb","local_time":"20230928220806","is_ascension_mode":true,"campfire_choices":[{"data":"Whirlwind","floor":8,"key":"SMITH"},{"data":"Body Slam","floor":11,"key":"SMITH"},{"data":"Bludgeon","floor":13,"key":"SMITH"},{"data":"Bash","floor":15,"key":"SMITH"},{"data":"Corruption","floor":23,"key":"SMITH"},{"floor":27,"key":"REST"},{"data":"Uppercut","floor":30,"key":"SMITH"},{"floor":32,"key":"REST"}],"neow_cost":"NONE","seed_source_timestamp":1018215044790200,"circlet_count":0,"master_deck":["AscendersBane","Strike_R","Strike_R","Defend_R","Defend_R","Defend_R","Defend_R","Bash+1","Second Wind","Battle Trance","Body Slam+1","Whirlwind+1","Shrug It Off","Bludgeon+1","Shrug It Off","Corruption+1","Feel No Pain","Spot Weakness","Uppercut+1","Sword Boomerang","Burning Pact","Immolate+1","Rage+1","Decay"],"relics":["Burning Blood","Bronze Scales","Ornamental Fan","Ginger","Happy Flower","Ectoplasm","CeramicFish","Nunchaku","Molten Egg 2","Toxic Egg 2"],"potions_floor_usage":[12,12,14,29,29,33],"damage_taken":[{"damage":13,"enemies":"Jaw Worm","floor":1,"turns":5},{"damage":3,"enemies":"2 Louse","floor":2,"turns":4},{"damage":1,"enemies":"Cultist","floor":4,"turns":4},{"damage":11,"enemies":"Looter","floor":6,"turns":4},{"damage":25,"enemies":"Gremlin Gang","floor":7,"turns":6},{"damage":9,"enemies":"Red Slaver","floor":10,"turns":3},{"damage":23,"enemies":"3 Sentries","floor":12,"turns":6},{"damage":0,"enemies":"Lagavulin","floor":14,"turns":3},{"damage":40,"enemies":"Hexaghost","floor":16,"turns":9},{"damage":13,"enemies":"Shell Parasite","floor":18,"turns":4},{"damage":12,"enemies":"Chosen","floor":19,"turns":4},{"damage":16,"enemies":"Centurion and Healer","floor":20,"turns":5},{"damage":24,"enemies":"Gremlin Leader","floor":24,"turns":5},{"damage":14,"enemies":"Shelled Parasite and Fungi","floor":25,"turns":3},{"damage":30,"enemies":"Book of Stabbing","floor":29,"turns":4},{"damage":59,"enemies":"Automaton","floor":33,"turns":6}],"seed_played":"-5003017579846058008","potions_obtained":[{"floor":1,"key":"Regen Potion"},{"floor":4,"key":"CultistPotion"},{"floor":6,"key":"SneckoOil"},{"floor":10,"key":"SkillPotion"},{"floor":16,"key":"ElixirPotion"},{"floor":24,"key":"FearPotion"},{"floor":25,"key":"Weak Potion"},{"floor":29,"key":"Swift Potion"}],"is_trial":false,"path_per_floor":["M","M","?","M","?","M","M","R","T","M","R","E","R","E","R","B",null,"M","M","M","?","$","R","E","M","T","R","$","E","R","?","R","B"],"character_chosen":"IRONCLAD","items_purchased":["Uppercut","Immolate+1"],"campfire_rested":2,"item_purchase_floors":[22,28],"current_hp_per_floor":[65,68,68,73,73,68,49,49,49,46,46,44,44,50,50,16,64,57,51,41,41,41,41,23,15,15,39,39,15,15,15,39,0],"gold":9,"neow_bonus":"RANDOM_COMMON_RELIC","is_prod":false,"is_daily":false,"chose_seed":false,"campfire_upgraded":6,"win_rate":0,"timestamp":1695964086,"path_taken":["M","M","?","M","?","M","M","R","T","M","R","E","R","E","R","BOSS","M","M","?","?","$","R","E","?","T","R","?","E","R","?","R","BOSS"],"build_version":"2022-12-18","purchased_purges":2,"victory":false,"max_hp_per_floor":[80,80,80,80,80,80,80,80,80,80,80,80,80,80,80,80,80,80,80,80,80,80,80,80,80,80,80,80,80,80,80,80,80],"card_choices":[{"not_picked":["Havoc","Feel No Pain"],"picked":"Second Wind","floor":1},{"not_picked":["Thunderclap","Bloodletting"],"picked":"Battle Trance","floor":2},{"not_picked":["Flame Barrier","Rage"],"picked":"Body Slam","floor":4},{"not_picked":["Pummel","Clash","Combust"],"picked":"SKIP","floor":6},{"not_picked":["Clash","Pommel Strike"],"picked":"Whirlwind","floor":7},{"not_picked":["Iron Wave","Pommel Strike"],"picked":"Shrug It Off","floor":10},{"not_picked":["True Grit","Armaments"],"picked":"Bludgeon","floor":12},{"not_picked":["Pommel Strike","Whirlwind"],"picked":"Shrug It Off","floor":14},{"not_picked":["Brutality","Berserk"],"picked":"Corruption","floor":16},{"not_picked":["Havoc","Sword Boomerang"],"picked":"Feel No Pain","floor":18},{"not_picked":["Battle Trance","Dropkick"],"picked":"Spot Weakness","floor":19},{"not_picked":["Headbutt","Pommel Strike","Clothesline"],"picked":"SKIP","floor":20},{"not_picked":["Cleave+1","Dual Wield"],"picked":"Sword Boomerang","floor":24},{"not_picked":["Reckless Charge","Wild Strike"],"picked":"Burning Pact","floor":25},{"not_picked":["Entrench+1","Demon Form"],"picked":"Rage+1","floor":29}],"player_experience":785029,"relics_obtained":[{"floor":9,"key":"Ornamental Fan"},{"floor":12,"key":"Ginger"},{"floor":14,"key":"Happy Flower"},{"floor":24,"key":"Nunchaku"},{"floor":26,"key":"Molten Egg 2"},{"floor":29,"key":"Toxic Egg 2"}],"event_choices":[{"cards_removed":["Strike_R"],"damage_healed":0,"gold_gain":0,"player_choice":"Card Removal","damage_taken":0,"max_hp_gain":0,"max_hp_loss":0,"event_name":"The Cleric","floor":3,"gold_loss":50},{"damage_healed":0,"gold_gain":0,"player_choice":"Ignored","damage_taken":0,"max_hp_gain":0,"max_hp_loss":0,"event_name":"NoteForYourself","floor":5,"gold_loss":0},{"damage_healed":0,"gold_gain":0,"player_choice":"Gave Potion","damage_taken":0,"relics_obtained":["CeramicFish"],"max_hp_gain":0,"max_hp_loss":0,"event_name":"WeMeetAgain","floor":21,"gold_loss":0},{"damage_healed":0,"gold_gain":0,"player_choice":"Smashed Altar","damage_taken":0,"max_hp_gain":0,"max_hp_loss":0,"event_name":"Forgotten Altar","floor":31,"gold_loss":0,"cards_obtained":["Decay"]}],"is_beta":false,"boss_relics":[{"not_picked":["Calling Bell","Sozu"],"picked":"Ectoplasm"}],"items_purged_floors":[22,28],"is_endless":false,"potions_floor_spawned":[1,4,6,10,16,24,25,29],"killed_by":"Automaton","ascension_level":10}