{"gold_per_floor":[116,116,129,6,6,6,6,40,66,28,59,59,70,81,81,81],"floor_reached":16,"playtime":473,"items_purged":["Strike_R"],"score":187,"play_id":"7e7a4412-8fcb-4f01-b75e-de5d01925428","local_time":"20230928223746","is_ascension_mode":true,"campfire_choices":[{"data":"Whirlwind","floor":6,"key":"SMITH"},{"data":"Offering","floor":12,"key":"SMITH"},{"data":"Armaments","floor":15,"key":"SMITH"}],"neow_cost":"PERCENT_DAMAGE","seed_source_timestamp":1020911931234800,"circlet_count":0,"master_deck":["AscendersBane","Strike_R","Strike_R","Strike_R","Strike_R","Defend_R","Defend_R","Defend_R","Defend_R","Bash","Whirlwind+1","Seeing Red","Intimidate","Pommel Strike","Offering+1","Bloodletting","Armaments+1"],"relics":["Burning Blood","Juzu Bracelet","Nunchaku","Centennial Puzzle"],"potions_floor_usage":[8,11,13],"damage_taken":[{"damage":1,"enemies":"Cultist","floor":1,"turns":4},{"damage":6,"enemies":"Jaw Worm","floor":3,"turns":5},{"damage":47,"enemies":"Lagavulin","floor":8,"turns":9},{"damage":10,"enemies":"3 Sentries","floor":11,"turns":3},{"damage":6,"enemies":"Small Slimes","floor":13,"turns":1},{"damage":4,"enemies":"2 Fungi Beasts","floor":14,"turns":3},{"damage":37,"enemies":"Slime Boss","floor":16,"turns":7}],"seed_played":"7880702012491032570","potions_obtained":[{"floor":1,"key":"Swift Potion"},{"floor":13,"key":"Fruit Juice"}],"is_trial":false,"path_per_floor":["M","?","M","$","$","R","?","E","T","?","E","R","M","M","R","B"],"character_chosen":"IRONCLAD","items_purchased":["AttackPotion"],"campfire_rested":0,"item_purchase_floors":[4],"current_hp_per_floor":[72,72,72,72,72,72,72,31,31,31,27,27,32,34,34,0],"gold":81,"neow_bonus":"TWENTY_PERCENT_HP_BONUS","is_prod":false,"is_daily":false,"chose_seed":false,"campfire_upgraded":3,"win_rate":0,"timestamp":1695965866,"path_taken":["M","?","M","?","$","R","?","E","T","?","E","R","M","M","R","BOSS"],"build_version":"2022-12-18","purchased_purges":1,"victory":false,"max_hp_per_floor":[96,96,96,96,96,96,96,96,96,96,96,96,101,101,101,101],"card_choices":[{"not_picked":["Dual Wield","Clothesline"],"picked":"Whirlwind","floor":1},{"not_picked":["Heavy Blade","Havoc"],"picked":"Seeing Red","floor":3},{"not_picked":["Warcry","Clothesline"],"picked":"Pommel Strike","floor":8},{"not_picked":["Anger","Combust"],"picked":"Offering","floor":11},{"not_picked":["Clothesline","Power Through"],"picked":"Bloodletting","floor":13},{"not_picked":["Metallicize","Clash"],"picked":"Armaments","floor":14}],"player_experience":786420,"relics_obtained":[{"floor":8,"key":"Juzu Bracelet"},{"floor":9,"key":"Nunchaku"},{"floor":11,"key":"Centennial Puzzle"}],"event_choices":[{"damage_healed":0,"gold_gain":0,"player_choice":"Ignored","damage_taken":0,"max_hp_gain":0,"max_hp_loss":0,"event_name":"NoteForYourself","floor":2,"gold_loss":0},{"damage_healed":0,"gold_gain":0,"player_choice":"1 cards matched","damage_taken":0,"max_hp_gain":0,"max_hp_loss":0,"event_name":"Match and Keep!","floor":7,"gold_loss":0,"cards_obtained":["Intimidate"]},{"damage_healed":0,"gold_gain":0,"player_choice":"Left Gold","damage_taken":0,"max_hp_gain":0,"max_hp_loss":0,"event_name":"World of Goop","floor":10,"gold_loss":38}],"is_beta":false,"boss_relics":[],"items_purged_floors":[4],"is_endless":false,"potions_floor_spawned":[1,13],"killed_by":"Slime Boss","ascension_level":10}