{"gold_per_floor":[110,130,130,130,2,29,29,62,115,147,0,25,51,65,65,164,164,177,177,187,62,80,80,100,135,135,135,135,135,168,168,168,267,267,284,58,72,72,99,124,124,154,178,178,178,196,196,209,209,209,209,209,91,125,125],"floor_reached":56,"playtime":2823,"items_purged":["Strike_R","Defend_R","Strike_R"],"score":1365,"play_id":"47355a80-cab2-4dcc-b56f-2761c166f5a5","local_time":"20230918021442","is_ascension_mode":true,"campfire_choices":[{"data":"Bash","floor":7,"key":"SMITH"},{"data":"Armaments","floor":15,"key":"SMITH"},{"data":"Disarm","floor":23,"key":"SMITH"},{"data":"Rupture","floor":27,"key":"SMITH"},{"data":"Battle Trance","floor":32,"key":"SMITH"},{"data":"Brutality","floor":41,"key":"SMITH"},{"data":"Uppercut","floor":45,"key":"SMITH"},{"data":"Offering","floor":47,"key":"SMITH"},{"floor":49,"key":"RECALL"},{"data":"Pommel Strike","floor":52,"key":"SMITH"}],"neow_cost":"TEN_PERCENT_HP_LOSS","seed_source_timestamp":81111905790700,"circlet_count":0,"master_deck":["Strike_R+1","Strike_R+1","Strike_R+1","Defend_R+1","Defend_R+1","Defend_R+1","Bash+1","Violence","Sword Boomerang","Cleave","Twin Strike","Battle Trance+1","Ghostly Armor","Disarm+1","Shrug It Off","Armaments+1","Feed+1","True Grit","Reaper","Pommel Strike+1","Rupture+1","Shrug It Off+1","Brutality+1","Armaments+1","Uppercut+1","Shrug It Off+1","Shrug It Off+1","Offering+1","Heavy Blade+1","Inflame"],"relics":["Burning Blood","Happy Flower","Bottled Lightning","Gambling Chip","MealTicket","Bag of Marbles","Odd Mushroom","Art of War","Coffee Dripper","Bottled Tornado","Shuriken","Letter Opener","Nilry\u0027s Codex","Philosopher\u0027s Stone","Oddly Smooth Stone","Champion Belt","Omamori","Akabeko","StrikeDummy"],"potions_floor_usage":[13,16,16,25,25,42,55,55,55,55,55],"damage_taken":[{"damage":6,"enemies":"Jaw Worm","floor":1,"turns":5},{"damage":7,"enemies":"Small Slimes","floor":2,"turns":3},{"damage":40,"enemies":"Lagavulin","floor":6,"turns":9},{"damage":11,"enemies":"Gremlin Nob","floor":8,"turns":3},{"damage":11,"enemies":"3 Sentries","floor":10,"turns":9},{"damage":3,"enemies":"The Mushroom Lair","floor":12,"turns":3},{"damage":2,"enemies":"Lagavulin","floor":13,"turns":6},{"damage":0,"enemies":"2 Louse","floor":14,"turns":2},{"damage":16,"enemies":"Slime Boss","floor":16,"turns":7},{"damage":10,"enemies":"2 Thieves","floor":18,"turns":4},{"damage":11,"enemies":"Shell Parasite","floor":20,"turns":6},{"damage":10,"enemies":"Shelled Parasite and Fungi","floor":22,"turns":6},{"damage":12,"enemies":"Snecko","floor":24,"turns":7},{"damage":32,"enemies":"Gremlin Leader","floor":25,"turns":8},{"damage":17,"enemies":"Book of Stabbing","floor":30,"turns":6},{"damage":45,"enemies":"Champ","floor":33,"turns":10},{"damage":11,"enemies":"Orb Walker","floor":35,"turns":5},{"damage":23,"enemies":"3 Darklings","floor":37,"turns":4},{"damage":20,"enemies":"Reptomancer","floor":40,"turns":8},{"damage":20,"enemies":"Nemesis","floor":42,"turns":9},{"damage":2,"enemies":"Spire Growth","floor":46,"turns":3},{"damage":5,"enemies":"4 Shapes","floor":48,"turns":3},{"damage":22,"enemies":"Time Eater","floor":50,"turns":8},{"damage":38,"enemies":"Shield and Spear","floor":54,"turns":6},{"damage":46,"enemies":"The Heart","floor":55,"turns":7}],"seed_played":"-5698880298399464321","potions_obtained":[{"floor":8,"key":"BlessingOfTheForge"},{"floor":10,"key":"Explosive Potion"},{"floor":14,"key":"Fire Potion"},{"floor":20,"key":"SkillPotion"},{"floor":24,"key":"SkillPotion"},{"floor":33,"key":"BlessingOfTheForge"},{"floor":40,"key":"LiquidMemories"},{"floor":42,"key":"EntropicBrew"},{"floor":48,"key":"SneckoOil"}],"is_trial":false,"path_per_floor":["M","M","?","?","$","E","R","E","T","E","$","?","E","M","R","B",null,"M","?","M","$","M","R","M","E","T","R","?","?","E","?","R","B",null,"M","$","M","?","T","E","R","E","T","?","R","M","R","M","R","B",null,"R","$","E","B",null],"character_chosen":"IRONCLAD","items_purchased":["Twin Strike","Shrug It Off","Oddly Smooth Stone","Uppercut","Inflame","Strength Potion"],"campfire_rested":0,"item_purchase_floors":[5,11,36,36,53,53],"current_hp_per_floor":[72,71,71,59,59,25,25,20,20,15,30,33,37,47,47,41,80,83,83,82,87,91,91,89,74,74,74,74,74,74,58,58,34,103,102,107,94,94,94,92,92,84,84,84,84,92,92,97,97,99,123,123,123,127,118],"gold":125,"neow_bonus":"RANDOM_COLORLESS_2","is_prod":false,"is_daily":false,"chose_seed":false,"campfire_upgraded":9,"win_rate":0,"timestamp":1695028482,"path_taken":["M","M","?","?","?","E","R","E","T","E","$","?","E","M","R","BOSS","M","?","M","$","?","R","M","E","T","R","?","?","E","?","R","BOSS","M","$","M","?","?","E","R","E","T","?","R","M","R","M","R","BOSS","R","$","E","BOSS"],"build_version":"2022-12-18","purchased_purges":3,"victory":true,"max_hp_per_floor":[72,72,72,72,72,72,72,72,72,72,72,72,72,76,76,80,80,83,83,87,87,91,91,95,99,99,99,99,99,103,103,103,103,103,107,107,111,111,111,115,115,115,115,115,115,119,119,123,123,123,123,123,123,127,127],"card_choices":[{"not_picked":["Secret Weapon","Transmutation"],"picked":"Violence","floor":0},{"not_picked":["Fire Breathing","Sentinel"],"picked":"Sword Boomerang","floor":1},{"not_picked":["Havoc","Anger"],"picked":"Cleave","floor":2},{"not_picked":["Clothesline","Sword Boomerang"],"picked":"Battle Trance","floor":6},{"not_picked":["Perfected Strike","Uppercut"],"picked":"Ghostly Armor","floor":8},{"not_picked":["Body Slam","Heavy Blade"],"picked":"Disarm","floor":10},{"not_picked":["Headbutt","Infernal Blade"],"picked":"Armaments","floor":12},{"not_picked":["Anger","Whirlwind"],"picked":"Feed","floor":13},{"not_picked":["Entrench","Pommel Strike"],"picked":"True Grit","floor":14},{"not_picked":["Berserk","Double Tap"],"picked":"Reaper","floor":16},{"not_picked":["Combust+1","Rampage","Clash+1"],"picked":"SKIP","floor":18},{"not_picked":["Combust","Clothesline"],"picked":"Pommel Strike","floor":20},{"not_picked":["Headbutt","Pommel Strike"],"picked":"Rupture","floor":22},{"not_picked":["Thunderclap","Warcry","Cleave"],"picked":"SKIP","floor":24},{"not_picked":["Sword Boomerang","Limit Break"],"picked":"Shrug It Off+1","floor":25},{"not_picked":["Thunderclap","Anger"],"picked":"Bloodletting+1","floor":30},{"not_picked":["Corruption","Impervious"],"picked":"Brutality","floor":33},{"not_picked":["Iron Wave","Second Wind+1"],"picked":"Armaments+1","floor":35},{"not_picked":["Twin Strike+1","Spot Weakness+1"],"picked":"Shrug It Off+1","floor":37},{"not_picked":["Armaments","Body Slam"],"picked":"Shrug It Off+1","floor":40},{"not_picked":["Headbutt","Dropkick","Thunderclap"],"picked":"SKIP","floor":42},{"not_picked":["Pommel Strike+1","Uppercut"],"picked":"Offering","floor":46},{"not_picked":["Havoc+1","Spot Weakness+1"],"picked":"Heavy Blade+1","floor":48},{"not_picked":["Havoc+1","Blood for Blood+1","Sever Soul+1"],"picked":"SKIP","floor":54}],"player_experience":635532,"relics_obtained":[{"floor":6,"key":"Bottled Lightning"},{"floor":8,"key":"Gambling Chip"},{"floor":9,"key":"MealTicket"},{"floor":10,"key":"Bag of Marbles"},{"floor":12,"key":"Odd Mushroom"},{"floor":13,"key":"Art of War"},{"floor":25,"key":"Bottled Tornado"},{"floor":26,"key":"Shuriken"},{"floor":30,"key":"Letter Opener"},{"floor":31,"key":"Nilry\u0027s Codex"},{"floor":40,"key":"Champion Belt"},{"floor":42,"key":"Omamori"},{"floor":43,"key":"Akabeko"},{"floor":54,"key":"StrikeDummy"}],"event_choices":[{"damage_healed":0,"gold_gain":0,"player_choice":"Ignored","damage_taken":0,"max_hp_gain":0,"max_hp_loss":0,"event_name":"Liars Game","floor":3,"gold_loss":0},{"damage_healed":0,"gold_gain":0,"player_choice":"Success","damage_taken":12,"relics_obtained":["Happy Flower"],"max_hp_gain":0,"max_hp_loss":0,"event_name":"Scrap Ooze","floor":4,"gold_loss":0},{"damage_healed":0,"gold_gain":0,"player_choice":"Fought Mushrooms","damage_taken":0,"max_hp_gain":0,"max_hp_loss":0,"event_name":"Mushrooms","floor":12,"gold_loss":0},{"damage_healed":0,"gold_gain":0,"player_choice":"Forge","damage_taken":0,"max_hp_gain":0,"max_hp_loss":0,"event_name":"Accursed Blacksmith","floor":19,"gold_loss":0,"cards_upgraded":["Feed"]},{"damage_healed":0,"gold_gain":0,"player_choice":"Ignored","damage_taken":0,"max_hp_gain":0,"max_hp_loss":0,"event_name":"Ghosts","floor":28,"gold_loss":0},{"damage_healed":0,"gold_gain":0,"player_choice":"Simplicity","damage_taken":0,"max_hp_gain":0,"max_hp_loss":0,"event_name":"Back to Basics","floor":29,"gold_loss":0,"cards_upgraded":["Strike_R","Strike_R","Strike_R","Defend_R","Defend_R","Defend_R"]},{"damage_healed":0,"gold_gain":0,"player_choice":"Obtained Book","damage_taken":16,"max_hp_gain":0,"max_hp_loss":0,"event_name":"Cursed Tome","floor":31,"gold_loss":0},{"cards_removed":["Bloodletting"],"damage_healed":0,"gold_gain":0,"player_choice":"Removed Skill","damage_taken":0,"max_hp_gain":0,"max_hp_loss":0,"event_name":"Falling","floor":38,"gold_loss":0},{"damage_healed":0,"gold_gain":0,"player_choice":"Bought 0 Potions","damage_taken":0,"max_hp_gain":0,"max_hp_loss":0,"event_name":"The Woman in Blue","floor":44,"gold_loss":0}],"is_beta":false,"boss_relics":[{"not_picked":["Astrolabe","Velvet Choker"],"picked":"Coffee Dripper"},{"not_picked":["Black Star","Pandora\u0027s Box"],"picked":"Philosopher\u0027s Stone"}],"items_purged_floors":[5,11,21],"is_endless":false,"potions_floor_spawned":[8,10,14,20,24,33,40,42,48],"ascension_level":1}