{"gold_per_floor":[114,130,100,115,127,127,152,152,177,202,202,214,234,234,234,333,333,350,77,93,103,203,203,236,247,300,325,336,336,336,353,353,454,454,464,464,477,477,95,95,123,173,173,173,202,202,534,236,236,236,236,236,34,64,64],"floor_reached":56,"playtime":2869,"items_purged":["Strike_R","Strike_R","Combust","Strike_R"],"score":1881,"play_id":"f35cc3fa-0126-426c-bb41-c72d6e285a0c","local_time":"20230926205429","is_ascension_mode":true,"campfire_choices":[{"data":"Immolate","floor":6,"key":"SMITH"},{"data":"Shrug It Off","floor":8,"key":"SMITH"},{"data":"Bash","floor":15,"key":"SMITH"},{"data":"Double Tap","floor":23,"key":"SMITH"},{"data":"Flame Barrier","floor":29,"key":"SMITH"},{"floor":32,"key":"REST"},{"data":"Barricade","floor":40,"key":"SMITH"},{"data":"Rupture","floor":44,"key":"SMITH"},{"data":"Entrench","floor":46,"key":"SMITH"},{"floor":49,"key":"RECALL"},{"data":"Burning Pact","floor":52,"key":"SMITH"}],"neow_cost":"PERCENT_DAMAGE","seed_source_timestamp":839498454561900,"circlet_count":0,"master_deck":["Defend_R+1","Defend_R+1","Defend_R","Bash+1","Immolate+1","Shrug It Off+1","Headbutt","Bloodletting","Double Tap+1","Shrug It Off","Flame Barrier+1","Warcry+1","Shrug It Off","Spot Weakness","Fiend Fire","Entrench+1","Twin Strike","Offering","Burning Pact+1","Barricade+1","Rupture+1","Bloodletting+1","Bloodletting","Master of Strategy","Disarm","Exhume"],"relics":["Burning Blood","Ancient Tea Set","Strawberry","Smiling Mask","Odd Mushroom","Philosopher\u0027s Stone","Lee\u0027s Waffle","Happy Flower","Mummified Hand","Runic Pyramid","Paper Frog","Mango","Charon\u0027s Ashes","Gremlin Horn","Bag of Preparation","Old Coin","TheAbacus","Toy Ornithopter"],"potions_floor_usage":[16,24,33,54,55,55],"damage_taken":[{"damage":7,"enemies":"Small Slimes","floor":1,"turns":2},{"damage":1,"enemies":"Cultist","floor":2,"turns":3},{"damage":0,"enemies":"2 Louse","floor":4,"turns":2},{"damage":7,"enemies":"2 Fungi Beasts","floor":5,"turns":2},{"damage":39,"enemies":"Lagavulin","floor":7,"turns":8},{"damage":16,"enemies":"Gremlin Nob","floor":10,"turns":3},{"damage":8,"enemies":"Large Slime","floor":12,"turns":3},{"damage":13,"enemies":"The Mushroom Lair","floor":13,"turns":3},{"damage":12,"enemies":"Slime Boss","floor":16,"turns":8},{"damage":27,"enemies":"2 Thieves","floor":18,"turns":5},{"damage":21,"enemies":"Spheric Guardian","floor":20,"turns":4},{"damage":16,"enemies":"3 Cultists","floor":21,"turns":4},{"damage":29,"enemies":"Gremlin Leader","floor":24,"turns":4},{"damage":7,"enemies":"Centurion and Healer","floor":25,"turns":5},{"damage":66,"enemies":"Book of Stabbing","floor":27,"turns":6},{"damage":36,"enemies":"Snecko","floor":28,"turns":7},{"damage":0,"enemies":"Chosen and Byrds","floor":31,"turns":3},{"damage":0,"enemies":"Collector","floor":33,"turns":12},{"damage":2,"enemies":"3 Darklings","floor":35,"turns":2},{"damage":6,"enemies":"3 Shapes","floor":37,"turns":2},{"damage":17,"enemies":"Nemesis","floor":41,"turns":5},{"damage":9,"enemies":"Mind Bloom Boss Battle","floor":42,"turns":5},{"damage":9,"enemies":"Reptomancer","floor":45,"turns":3},{"damage":9,"enemies":"Giant Head","floor":47,"turns":6},{"damage":44,"enemies":"Time Eater","floor":50,"turns":7},{"damage":22,"enemies":"Shield and Spear","floor":54,"turns":5},{"damage":61,"enemies":"The Heart","floor":55,"turns":9}],"seed_played":"-194366893384312024","potions_obtained":[{"floor":2,"key":"GamblersBrew"},{"floor":3,"key":"FairyPotion"},{"floor":3,"key":"SneckoOil"},{"floor":10,"key":"FairyPotion"},{"floor":12,"key":"Regen Potion"},{"floor":16,"key":"Block Potion"},{"floor":24,"key":"PowerPotion"},{"floor":28,"key":"AttackPotion"},{"floor":35,"key":"GamblersBrew"},{"floor":45,"key":"BloodPotion"}],"is_trial":false,"path_per_floor":["M","M","?","M","M","R","E","R","T","E","?","M","?","?","R","B",null,"M","$","M","M","?","R","E","M","T","E","M","R","?","M","R","B",null,"M","?","M","?","$","R","E","?","T","R","E","R","E","$","R","B",null,"R","$","E","B",null],"character_chosen":"IRONCLAD","items_purchased":["Lee\u0027s Waffle","Flame Barrier","Paper Frog","Rupture","Master of Strategy","Disarm","TheAbacus"],"campfire_rested":1,"item_purchase_floors":[19,19,39,39,48,48,53],"current_hp_per_floor":[50,55,55,61,60,60,27,27,34,24,29,27,20,2,2,11,72,51,99,84,74,74,74,51,50,50,19,26,26,26,32,61,67,91,95,95,95,95,95,95,98,95,95,95,92,92,89,89,89,51,98,98,98,82,59],"gold":64,"neow_bonus":"THREE_RARE_CARDS","is_prod":false,"is_daily":false,"chose_seed":false,"campfire_upgraded":9,"win_rate":0,"timestamp":1695786869,"path_taken":["M","M","?","M","?","R","E","R","T","E","?","M","?","?","R","BOSS","M","$","M","M","?","R","E","?","T","E","M","R","?","M","R","BOSS","M","?","M","?","$","R","E","?","T","R","E","R","E","$","R","BOSS","R","$","E","BOSS"],"build_version":"2022-12-18","purchased_purges":4,"victory":true,"max_hp_per_floor":[80,80,80,80,80,80,80,80,87,87,92,92,92,92,92,92,92,92,99,99,99,99,99,99,99,99,99,99,99,99,99,99,99,99,99,99,99,99,99,99,113,113,113,113,113,113,113,113,113,113,113,113,113,113,113],"card_choices":[{"not_picked":["Demon Form","Reaper"],"picked":"Immolate","floor":0},{"not_picked":["Cleave","Ghostly Armor"],"picked":"Shrug It Off","floor":1},{"not_picked":["Wild Strike","Clash","Sever Soul"],"picked":"SKIP","floor":2},{"not_picked":["Body Slam","Carnage","Dual Wield"],"picked":"SKIP","floor":4},{"not_picked":["Body Slam","Twin Strike","Clothesline"],"picked":"SKIP","floor":5},{"not_picked":["Rage","Limit Break"],"picked":"Headbutt","floor":7},{"not_picked":["Clothesline","Flex","Intimidate"],"picked":"SKIP","floor":10},{"not_picked":["Uppercut","Twin Strike"],"picked":"Bloodletting","floor":12},{"not_picked":["Barricade","Exhume"],"picked":"Double Tap","floor":16},{"not_picked":["Wild Strike","Flex"],"picked":"Shrug It Off","floor":18},{"not_picked":["Body Slam","Demon Form"],"picked":"Warcry+1","floor":20},{"not_picked":["Thunderclap+1","Fire Breathing","Sentinel"],"picked":"SKIP","floor":21},{"not_picked":["Havoc","Armaments"],"picked":"Shrug It Off","floor":24},{"not_picked":["Evolve","Armaments"],"picked":"Spot Weakness","floor":25},{"not_picked":["Metallicize","Iron Wave"],"picked":"Fiend Fire","floor":27},{"not_picked":["Cleave","Bloodletting","Armaments"],"picked":"SKIP","floor":28},{"not_picked":["Flex","Clash"],"picked":"Twin Strike","floor":31},{"not_picked":["Feed","Exhume"],"picked":"Offering","floor":33},{"not_picked":["Armaments","Twin Strike+1"],"picked":"Burning Pact","floor":35},{"not_picked":["Flex","Armaments"],"picked":"Barricade","floor":37},{"not_picked":["Heavy Blade","Wild Strike","Seeing Red"],"picked":"SKIP","floor":41},{"not_picked":["Rampage+1","Wild Strike+1"],"picked":"Bloodletting+1","floor":45},{"not_picked":["Second Wind","Cleave"],"picked":"Bloodletting","floor":47},{"not_picked":["Thunderclap","Shockwave"],"picked":"Exhume","floor":54}],"player_experience":767223,"relics_obtained":[{"floor":7,"key":"Ancient Tea Set"},{"floor":9,"key":"Strawberry"},{"floor":10,"key":"Smiling Mask"},{"floor":13,"key":"Odd Mushroom"},{"floor":24,"key":"Happy Flower"},{"floor":27,"key":"Mummified Hand"},{"floor":41,"key":"Mango"},{"floor":42,"key":"Charon\u0027s Ashes"},{"floor":43,"key":"Gremlin Horn"},{"floor":45,"key":"Bag of Preparation"},{"floor":47,"key":"Old Coin"},{"floor":54,"key":"Toy Ornithopter"}],"event_choices":[{"damage_healed":0,"gold_gain":0,"player_choice":"Bought 2 Potions","damage_taken":0,"max_hp_gain":0,"max_hp_loss":0,"event_name":"The Woman in Blue","floor":3,"gold_loss":0},{"damage_healed":0,"gold_gain":0,"player_choice":"Donut","damage_taken":0,"max_hp_gain":5,"max_hp_loss":0,"event_name":"Big Fish","floor":11,"gold_loss":0},{"damage_healed":0,"gold_gain":0,"player_choice":"Fought Mushrooms","damage_taken":0,"max_hp_gain":0,"max_hp_loss":0,"event_name":"Mushrooms","floor":13,"gold_loss":0},{"damage_healed":0,"gold_gain":0,"player_choice":"Entered Light","damage_taken":18,"max_hp_gain":0,"max_hp_loss":0,"event_name":"Shining Light","floor":14,"gold_loss":0,"cards_upgraded":["Defend_R","Defend_R"]},{"damage_healed":0,"gold_gain":100,"player_choice":"Pray","damage_taken":0,"max_hp_gain":0,"max_hp_loss":0,"event_name":"Golden Shrine","floor":22,"gold_loss":0},{"damage_healed":0,"gold_gain":0,"cards_transformed":["Strike_R","Strike_R"],"player_choice":"Became Test Subject","damage_taken":0,"max_hp_gain":0,"max_hp_loss":0,"event_name":"Drug Dealer","floor":30,"gold_loss":0,"cards_obtained":["Entrench","Combust"]},{"cards_removed":["Defend_R"],"damage_healed":0,"gold_gain":0,"player_choice":"Removed Skill","damage_taken":0,"max_hp_gain":0,"max_hp_loss":0,"event_name":"Falling","floor":36,"gold_loss":0},{"damage_healed":0,"gold_gain":0,"player_choice":"Memory 1","damage_taken":0,"max_hp_gain":0,"max_hp_loss":0,"event_name":"SensoryStone","floor":38,"gold_loss":0},{"damage_healed":0,"gold_gain":0,"player_choice":"Fight","damage_taken":0,"max_hp_gain":0,"max_hp_loss":0,"event_name":"MindBloom","floor":42,"gold_loss":0}],"is_beta":false,"boss_relics":[{"not_picked":["Calling Bell","SacredBark"],"picked":"Philosopher\u0027s Stone"},{"not_picked":["Black Blood","Astrolabe"],"picked":"Runic Pyramid"}],"items_purged_floors":[19,39,48,53],"is_endless":false,"potions_floor_spawned":[2,10,12,13,16,18,21,24,28,35,45],"ascension_level":9}