{"gold_per_floor":[116,128,141,216,234,234,267,287,287,131,131,142,157,186,186,281,281,297,312,13,13,31,31,60,72,72,105,105,5,19,19,19,115,115,131,131,178,189,32,57,57,86,86,86,120,131,131,131,131,131,131,131,78,103,103],"floor_reached":56,"playtime":2594,"items_purged":["Strike_R","Strike_R"],"score":1784,"play_id":"ea136847-f2af-4a44-8ec9-a22d95d89ec0","local_time":"20230925130242","is_ascension_mode":true,"campfire_choices":[{"data":"Bash","floor":6,"key":"SMITH"},{"data":"Cleave","floor":11,"key":"SMITH"},{"data":"Fire Breathing","floor":15,"key":"SMITH"},{"data":"True Grit","floor":23,"key":"SMITH"},{"data":"Heavy Blade","floor":28,"key":"SMITH"},{"data":"Brutality","floor":32,"key":"SMITH"},{"data":"Disarm","floor":41,"key":"SMITH"},{"data":"Sword Boomerang","floor":44,"key":"SMITH"},{"floor":49,"key":"RECALL"},{"data":"Offering","floor":52,"key":"SMITH"}],"neow_cost":"NONE","seed_source_timestamp":725055149349600,"circlet_count":0,"master_deck":["Strike_R","Defend_R","Defend_R","Defend_R","Defend_R","Bash+1","Cleave+1","Disarm+1","Anger","Headbutt","Reaper","Metallicize","Hemokinesis","Shrug It Off","Fire Breathing+1","Brutality+1","True Grit+1","Pommel Strike+1","Offering+1","Battle Trance","Heavy Blade+1","Shrug It Off","Sword Boomerang+1","Necronomicurse","True Grit+1","Headbutt+1","Disarm+1","Sword Boomerang+1","Impervious","Shrug It Off","Exhume"],"relics":["Burning Blood","Art of War","Red Skull","Sundial","Lantern","Mark of Pain","Brimstone","Thread and Needle","Tiny Chest","Bag of Preparation","Boot","Necronomicon","Empty Cage","Kunai","Unceasing Top","ClockworkSouvenir","Magic Flower","Girya","Bag of Marbles","Akabeko"],"potions_floor_usage":[7,24,55,55,55],"damage_taken":[{"damage":3,"enemies":"Small Slimes","floor":1,"turns":5},{"damage":1,"enemies":"Cultist","floor":2,"turns":4},{"damage":4,"enemies":"Jaw Worm","floor":3,"turns":5},{"damage":3,"enemies":"3 Louse","floor":5,"turns":3},{"damage":15,"enemies":"Lagavulin","floor":7,"turns":8},{"damage":1,"enemies":"2 Fungi Beasts","floor":8,"turns":3},{"damage":13,"enemies":"Blue Slaver","floor":12,"turns":3},{"damage":5,"enemies":"Exordium Wildlife","floor":13,"turns":5},{"damage":26,"enemies":"3 Sentries","floor":14,"turns":6},{"damage":48,"enemies":"Slime Boss","floor":16,"turns":8},{"damage":9,"enemies":"Chosen","floor":18,"turns":4},{"damage":22,"enemies":"Spheric Guardian","floor":19,"turns":5},{"damage":25,"enemies":"Snake Plant","floor":22,"turns":3},{"damage":26,"enemies":"Slavers","floor":24,"turns":4},{"damage":6,"enemies":"Centurion and Healer","floor":25,"turns":4},{"damage":13,"enemies":"Gremlin Leader","floor":27,"turns":4},{"damage":8,"enemies":"Snecko","floor":30,"turns":2},{"damage":12,"enemies":"Collector","floor":33,"turns":5},{"damage":3,"enemies":"Orb Walker","floor":35,"turns":2},{"damage":19,"enemies":"2 Orb Walkers","floor":37,"turns":3},{"damage":18,"enemies":"3 Darklings","floor":38,"turns":5},{"damage":11,"enemies":"Giant Head","floor":40,"turns":5},{"damage":34,"enemies":"Reptomancer","floor":42,"turns":4},{"damage":10,"enemies":"Giant Head","floor":45,"turns":5},{"damage":3,"enemies":"Jaw Worm Horde","floor":46,"turns":4},{"damage":112,"enemies":"Awakened One","floor":50,"turns":8},{"damage":72,"enemies":"Shield and Spear","floor":54,"turns":6},{"damage":121,"enemies":"The Heart","floor":55,"turns":5}],"seed_played":"3411630283798857891","potions_obtained":[{"floor":1,"key":"PowerPotion"},{"floor":5,"key":"AttackPotion"},{"floor":7,"key":"CultistPotion"},{"floor":16,"key":"Dexterity Potion"},{"floor":25,"key":"SteroidPotion"},{"floor":27,"key":"Energy Potion"},{"floor":37,"key":"Ancient Potion"}],"is_trial":false,"path_per_floor":["M","M","M","?","M","R","E","M","T","$","R","M","M","E","R","B",null,"M","M","$","?","M","R","E","M","T","E","R","$","M","?","R","B",null,"M","T","?","M","$","E","R","E","T","R","E","M","$","$","R","B",null,"R","$","E","B",null],"character_chosen":"IRONCLAD","items_purchased":["Hemokinesis","Brimstone","Offering","ClockworkSouvenir","Shrug It Off"],"campfire_rested":0,"item_purchase_floors":[10,20,20,39,53],"current_hp_per_floor":[75,80,80,72,75,75,66,71,71,71,71,64,69,57,57,29,67,70,54,54,54,35,35,34,61,61,80,80,80,78,62,62,80,80,80,80,67,74,74,69,69,56,56,56,79,80,80,80,80,46,72,72,72,65,19],"gold":103,"neow_bonus":"RANDOM_COMMON_RELIC","is_prod":false,"is_daily":false,"chose_seed":false,"campfire_upgraded":9,"win_rate":0,"timestamp":1695672162,"path_taken":["M","M","M","?","M","R","E","M","T","?","R","M","?","E","R","BOSS","M","M","$","?","M","R","E","M","T","E","R","?","?","?","R","BOSS","M","?","?","M","$","E","R","E","T","R","E","M","?","$","R","BOSS","R","$","E","BOSS"],"build_version":"2022-12-18","purchased_purges":2,"victory":true,"max_hp_per_floor":[80,80,80,80,80,80,80,80,80,80,80,80,80,80,80,80,80,80,80,80,80,80,80,80,80,80,80,80,80,80,80,80,80,80,80,80,80,80,80,80,80,80,80,80,80,80,80,80,80,80,80,80,80,80,80],"card_choices":[{"not_picked":["Feel No Pain","Perfected Strike"],"picked":"Cleave","floor":1},{"not_picked":["Heavy Blade","Clothesline"],"picked":"Disarm","floor":2},{"not_picked":["Armaments","Intimidate"],"picked":"Anger","floor":3},{"not_picked":["Perfected Strike","Clothesline"],"picked":"Headbutt","floor":5},{"not_picked":["Evolve","Cleave"],"picked":"Reaper","floor":7},{"not_picked":["Intimidate","Sentinel"],"picked":"Metallicize","floor":8},{"not_picked":["Warcry","Heavy Blade"],"picked":"Shrug It Off","floor":12},{"not_picked":["Combust","Rage"],"picked":"Fire Breathing","floor":13},{"not_picked":["Rage","Cleave","Pommel Strike"],"picked":"SKIP","floor":14},{"not_picked":["Barricade","Reaper"],"picked":"Brutality","floor":16},{"not_picked":["Feel No Pain","Heavy Blade"],"picked":"True Grit","floor":18},{"not_picked":["Wild Strike","Rage"],"picked":"Pommel Strike+1","floor":19},{"not_picked":["Anger","Clash"],"picked":"Battle Trance","floor":22},{"not_picked":["Wild Strike","Whirlwind"],"picked":"Heavy Blade","floor":24},{"not_picked":["Havoc+1","Inflame","Warcry"],"picked":"SKIP","floor":25},{"not_picked":["Sword Boomerang","Flex"],"picked":"Shrug It Off","floor":27},{"not_picked":["Immolate","Combust"],"picked":"Sword Boomerang","floor":30},{"not_picked":["Sword Boomerang","Burning Pact+1"],"picked":"True Grit+1","floor":35},{"not_picked":["Iron Wave+1","Body Slam+1"],"picked":"Headbutt+1","floor":37},{"not_picked":["Ghostly Armor","Thunderclap"],"picked":"Disarm+1","floor":38},{"not_picked":["True Grit+1","Flex+1"],"picked":"Sword Boomerang+1","floor":40},{"not_picked":["Twin Strike","Sever Soul","Havoc+1"],"picked":"SKIP","floor":42},{"not_picked":["Anger+1","Inflame"],"picked":"Impervious","floor":45},{"not_picked":["Power Through","Iron Wave","Searing Blow"],"picked":"SKIP","floor":46},{"not_picked":["Uppercut+1","Searing Blow+1"],"picked":"Exhume","floor":54}],"player_experience":751196,"relics_obtained":[{"floor":7,"key":"Red Skull"},{"floor":9,"key":"Sundial"},{"floor":14,"key":"Lantern"},{"floor":24,"key":"Tiny Chest"},{"floor":26,"key":"Bag of Preparation"},{"floor":27,"key":"Boot"},{"floor":31,"key":"Necronomicon"},{"floor":36,"key":"Kunai"},{"floor":37,"key":"Unceasing Top"},{"floor":40,"key":"Magic Flower"},{"floor":42,"key":"Girya"},{"floor":45,"key":"Bag of Marbles"},{"floor":54,"key":"Akabeko"}],"event_choices":[{"damage_healed":0,"gold_gain":75,"player_choice":"Touch","damage_taken":8,"max_hp_gain":0,"max_hp_loss":0,"event_name":"FaceTrader","floor":4,"gold_loss":0},{"damage_healed":0,"gold_gain":0,"player_choice":"Gave Potion","damage_taken":0,"relics_obtained":["Thread and Needle"],"max_hp_gain":0,"max_hp_loss":0,"event_name":"WeMeetAgain","floor":21,"gold_loss":0},{"damage_healed":0,"gold_gain":0,"player_choice":"Obtained Book","damage_taken":16,"max_hp_gain":0,"max_hp_loss":0,"event_name":"Cursed Tome","floor":31,"gold_loss":0},{"damage_healed":0,"gold_gain":0,"player_choice":"Fight","damage_taken":0,"max_hp_gain":0,"max_hp_loss":0,"event_name":"Mysterious Sphere","floor":37,"gold_loss":0}],"is_beta":false,"boss_relics":[{"not_picked":["Black Blood","Fusion Hammer"],"picked":"Mark of Pain"},{"not_picked":["Black Star","Sozu"],"picked":"Empty Cage"}],"items_purged_floors":[10,29],"is_endless":false,"potions_floor_spawned":[1,5,7,16,18,25,27,37,42],"ascension_level":8}