{"gold_per_floor":[111,127,77,97,97,97,129,129,129,49,49,80,80,94,94,191,191,203,216,216,232,82,82,97,97,97,129,149,149,149,175,175,279,279,295,8,8,8,26,26,42,42,69,95,106,106,134,134,134,134,134,134,63,91,91],"floor_reached":56,"playtime":2303,"items_purged":["Defend_R"],"score":1735,"play_id":"e01c567e-f251-426d-8b34-3cacc6b18fac","local_time":"20230924191226","is_ascension_mode":true,"campfire_choices":[{"data":"Feed","floor":6,"key":"SMITH"},{"data":"Bash","floor":8,"key":"SMITH"},{"data":"Hemokinesis","floor":11,"key":"SMITH"},{"data":"Uppercut","floor":15,"key":"SMITH"},{"data":"Inflame","floor":23,"key":"SMITH"},{"data":"Defend_R","floor":30,"key":"PURGE"},{"data":"Pommel Strike","floor":32,"key":"SMITH"},{"data":"Decay","floor":40,"key":"PURGE"},{"floor":46,"key":"DIG"},{"floor":49,"key":"RECALL"},{"floor":52,"key":"REST"}],"neow_cost":"NONE","seed_source_timestamp":661137095493000,"circlet_count":0,"master_deck":["Bash+1","Feed+1","Pommel Strike+1","Shrug It Off+1","Hemokinesis+1","Uppercut+1","Offering+1","Whirlwind+1","Ghostly Armor+1","Sword Boomerang+1","Inflame+1","Limit Break","Necronomicurse","Seeing Red+1","Offering+1","Twin Strike+1","Ghostly Armor","Armaments+1","Second Wind+1","Reaper","Flame Barrier+1","Dark Embrace+1","Inflame+1"],"relics":["Burning Blood","Peace Pipe","Dead Branch","Boot","Astrolabe","Happy Flower","Necronomicon","Frozen Egg 2","Fusion Hammer","Prayer Wheel","Lantern","Shovel","HornCleat","PreservedInsect","War Paint"],"potions_floor_usage":[7,16,16,55,55,55],"damage_taken":[{"damage":7,"enemies":"Small Slimes","floor":1,"turns":4},{"damage":0,"enemies":"2 Louse","floor":2,"turns":2},{"damage":1,"enemies":"Cultist","floor":4,"turns":3},{"damage":48,"enemies":"Lagavulin","floor":7,"turns":8},{"damage":31,"enemies":"3 Sentries","floor":12,"turns":7},{"damage":8,"enemies":"Blue Slaver","floor":14,"turns":4},{"damage":12,"enemies":"Slime Boss","floor":16,"turns":8},{"damage":10,"enemies":"Shell Parasite","floor":18,"turns":6},{"damage":20,"enemies":"2 Thieves","floor":19,"turns":4},{"damage":15,"enemies":"Snake Plant","floor":21,"turns":4},{"damage":30,"enemies":"Sentry and Sphere","floor":24,"turns":4},{"damage":8,"enemies":"Book of Stabbing","floor":27,"turns":2},{"damage":6,"enemies":"Chosen and Byrds","floor":28,"turns":4},{"damage":29,"enemies":"Slavers","floor":31,"turns":2},{"damage":24,"enemies":"Automaton","floor":33,"turns":4},{"damage":14,"enemies":"3 Shapes","floor":35,"turns":4},{"damage":10,"enemies":"Orb Walker","floor":39,"turns":2},{"damage":12,"enemies":"Jaw Worm Horde","floor":41,"turns":3},{"damage":12,"enemies":"Giant Head","floor":44,"turns":5},{"damage":14,"enemies":"Maw","floor":45,"turns":3},{"damage":12,"enemies":"Nemesis","floor":47,"turns":5},{"damage":98,"enemies":"Donu and Deca","floor":50,"turns":8},{"damage":12,"enemies":"Shield and Spear","floor":54,"turns":1},{"damage":76,"enemies":"The Heart","floor":55,"turns":5}],"seed_played":"410917377769988123","potions_obtained":[{"floor":2,"key":"BlessingOfTheForge"},{"floor":12,"key":"Block Potion"},{"floor":14,"key":"AttackPotion"},{"floor":16,"key":"Ancient Potion"},{"floor":19,"key":"BlessingOfTheForge"},{"floor":21,"key":"SteroidPotion"}],"is_trial":false,"path_per_floor":["M","M","?","M","?","R","E","R","T","$","R","E","?","M","R","B",null,"M","M","?","M","$","R","M","?","T","E","M","?","R","E","R","B",null,"M","$","?","?","M","R","M","?","T","E","M","R","E","$","R","B",null,"R","$","E","B",null],"character_chosen":"IRONCLAD","items_purchased":["Hemokinesis","Limit Break","Prayer Wheel","Inflame+1"],"campfire_rested":1,"item_purchase_floors":[10,22,36,53],"current_hp_per_floor":[74,83,83,89,89,89,51,51,51,51,51,30,30,32,32,30,86,86,76,76,71,71,71,51,131,131,133,137,121,121,98,98,84,128,124,124,124,124,124,124,122,122,122,120,116,116,144,144,144,94,152,171,171,165,171],"gold":91,"neow_bonus":"TRANSFORM_CARD","is_prod":false,"is_daily":false,"chose_seed":false,"campfire_upgraded":6,"win_rate":0,"timestamp":1695607946,"path_taken":["M","M","?","M","?","R","E","R","T","$","R","E","?","M","R","BOSS","M","M","?","M","$","R","?","?","T","E","?","?","R","E","R","BOSS","M","$","?","?","?","R","M","?","T","E","?","R","E","?","R","BOSS","R","$","E","BOSS"],"build_version":"2022-12-18","purchased_purges":1,"victory":true,"max_hp_per_floor":[83,86,86,89,89,89,93,93,93,93,93,97,97,101,101,105,105,109,113,113,117,117,117,121,131,131,135,139,139,139,139,139,143,143,147,147,147,147,151,151,155,155,155,159,163,163,167,167,167,171,171,171,171,171,171],"card_choices":[{"not_picked":["Metallicize","Twin Strike"],"picked":"Pommel Strike","floor":1},{"not_picked":["Havoc","Burning Pact","Heavy Blade"],"picked":"SKIP","floor":2},{"not_picked":["Clash","Searing Blow","Blood for Blood"],"picked":"SKIP","floor":4},{"not_picked":["Reaper","Sentinel"],"picked":"Shrug It Off","floor":7},{"not_picked":["Warcry","Hemokinesis"],"picked":"Uppercut","floor":12},{"not_picked":["Twin Strike","Clash","Sever Soul"],"picked":"SKIP","floor":14},{"not_picked":["Fiend Fire","Limit Break"],"picked":"Offering","floor":16},{"not_picked":["Clothesline","Metallicize","Perfected Strike"],"picked":"SKIP","floor":18},{"not_picked":["Rage","Evolve"],"picked":"Sword Boomerang+1","floor":19},{"not_picked":["Headbutt+1","Body Slam"],"picked":"Inflame","floor":21},{"not_picked":["Combust","Burning Pact+1"],"picked":"Seeing Red+1","floor":24},{"not_picked":["Clash","Carnage","Perfected Strike"],"picked":"SKIP","floor":27},{"not_picked":["Entrench","Intimidate","Hemokinesis+1"],"picked":"SKIP","floor":28},{"not_picked":["Feel No Pain+1","Pummel"],"picked":"Seeing Red+1","floor":31},{"not_picked":["Fiend Fire","Double Tap"],"picked":"Offering","floor":33},{"not_picked":["Armaments","Clash","Clothesline"],"picked":"SKIP","floor":35},{"not_picked":["Fiend Fire","Carnage+1"],"picked":"Twin Strike+1","floor":39},{"not_picked":["Hemokinesis+1","Iron Wave+1","Dual Wield+1"],"picked":"SKIP","floor":39},{"not_picked":["Perfected Strike+1","Iron Wave"],"picked":"Ghostly Armor","floor":41},{"not_picked":["Perfected Strike+1","Searing Blow"],"picked":"Armaments+1","floor":41},{"not_picked":["Anger+1","Metallicize+1"],"picked":"Reaper","floor":44},{"not_picked":["Body Slam","Sever Soul+1"],"picked":"Flame Barrier+1","floor":45},{"not_picked":["Bloodletting","Dropkick+1","Second Wind"],"picked":"SKIP","floor":45},{"not_picked":["Havoc","Battle Trance"],"picked":"Dark Embrace+1","floor":47},{"not_picked":["Rampage+1","Second Wind","Power Through"],"picked":"SKIP","floor":54}],"player_experience":732785,"relics_obtained":[{"floor":7,"key":"Peace Pipe"},{"floor":9,"key":"Dead Branch"},{"floor":12,"key":"Boot"},{"floor":27,"key":"Happy Flower"},{"floor":29,"key":"Necronomicon"},{"floor":31,"key":"Frozen Egg 2"},{"floor":43,"key":"Lantern"},{"floor":44,"key":"Shovel"},{"floor":46,"key":"HornCleat"},{"floor":47,"key":"PreservedInsect"},{"floor":54,"key":"War Paint"}],"event_choices":[{"cards_removed":["Strike_R"],"damage_healed":0,"gold_gain":0,"player_choice":"Card Removal","damage_taken":0,"max_hp_gain":0,"max_hp_loss":0,"event_name":"The Cleric","floor":3,"gold_loss":50},{"damage_healed":0,"gold_gain":0,"player_choice":"Ignored","damage_taken":0,"max_hp_gain":0,"max_hp_loss":0,"event_name":"Liars Game","floor":5,"gold_loss":0},{"cards_removed":["Strike_R"],"damage_healed":0,"gold_gain":0,"player_choice":"Forget","damage_taken":0,"max_hp_gain":0,"max_hp_loss":0,"event_name":"Living Wall","floor":13,"gold_loss":0},{"damage_healed":0,"gold_gain":0,"player_choice":"Upgraded","damage_taken":0,"max_hp_gain":0,"max_hp_loss":0,"event_name":"Upgrade Shrine","floor":20,"gold_loss":0,"cards_upgraded":["Shrug It Off"]},{"cards_removed":["Offering"],"damage_healed":70,"gold_gain":0,"player_choice":"Offered Rare","damage_taken":0,"max_hp_gain":10,"max_hp_loss":0,"event_name":"Bonfire Elementals","floor":25,"gold_loss":0},{"damage_healed":0,"gold_gain":0,"player_choice":"Obtained Book","damage_taken":16,"max_hp_gain":0,"max_hp_loss":0,"event_name":"Cursed Tome","floor":29,"gold_loss":0},{"cards_removed":["Seeing Red"],"damage_healed":0,"gold_gain":0,"player_choice":"Removed Skill","damage_taken":0,"max_hp_gain":0,"max_hp_loss":0,"event_name":"Falling","floor":37,"gold_loss":0},{"damage_healed":0,"gold_gain":0,"player_choice":"Cursed","damage_taken":0,"max_hp_gain":0,"max_hp_loss":0,"event_name":"Wheel of Change","floor":38,"gold_loss":0,"cards_obtained":["Decay"]},{"damage_healed":0,"gold_gain":0,"cards_transformed":["Defend_R"],"player_choice":"Transformed","damage_taken":0,"max_hp_gain":0,"max_hp_loss":0,"event_name":"Transmorgrifier","floor":42,"gold_loss":0,"cards_obtained":["Second Wind"]}],"is_beta":false,"boss_relics":[{"not_picked":["SacredBark","Black Blood"],"picked":"Astrolabe"},{"not_picked":["Runic Dome","Sozu"],"picked":"Fusion Hammer"}],"items_purged_floors":[22],"is_endless":false,"potions_floor_spawned":[2,12,14,16,19,21,27,31,35,39],"ascension_level":7}