{"gold_per_floor":[117,134,144,144,162,162,195,195,195,214,230,244,244,257,257,383,383,338,218,218,218,218,218,218,218,218,218,218,143,143,143,143,143,143,143,143,143,143,143,143,143,143,143,143,143,143,143,143,143,143],"floor_reached":50,"playtime":2263,"items_purged":["Strike_R"],"score":693,"play_id":"0a6bbad2-d052-47b3-ad5e-20f49bc87ca5","local_time":"20230919161014","is_ascension_mode":true,"campfire_choices":[{"data":"Bash","floor":6,"key":"SMITH"},{"data":"Wild Strike","floor":8,"key":"SMITH"},{"data":"Flex","floor":13,"key":"SMITH"},{"data":"Battle Trance","floor":15,"key":"SMITH"},{"data":"Corruption","floor":23,"key":"SMITH"},{"data":"Double Tap","floor":25,"key":"SMITH"},{"data":"Twin Strike","floor":28,"key":"SMITH"},{"data":"Strike_R","floor":32,"key":"SMITH"},{"data":"Fiend Fire","floor":44,"key":"SMITH"},{"floor":46,"key":"RECALL"},{"data":"Hemokinesis","floor":49,"key":"SMITH"}],"neow_cost":"PERCENT_DAMAGE","seed_source_timestamp":218234602567400,"circlet_count":0,"master_deck":["Strike_R+1","Defend_R","Defend_R","Defend_R","Defend_R","Bash+1","Battle Trance+1","Flex+1","Twin Strike+1","Corruption+1","Wild Strike+1","Dark Embrace+1","Seeing Red","Double Tap+1","Seeing Red","True Grit","Ghostly","Ghostly","Ghostly","Ghostly","Ghostly","Warcry+1","Heavy Blade+1","Shrug It Off+1","Impervious","Fiend Fire+1","Armaments+1","Hemokinesis+1","Carnage+1","Feel No Pain+1","Flame Barrier+1"],"relics":["Burning Blood","Golden Idol","Bag of Marbles","Paper Frog","Ectoplasm","Blood Vial","Turnip","Empty Cage","Gambling Chip","Strawberry","Centennial Puzzle","Bronze Scales","Kunai"],"potions_floor_usage":[7,7,16,33,50,50],"damage_taken":[{"damage":4,"enemies":"Small Slimes","floor":1,"turns":3},{"damage":3,"enemies":"Jaw Worm","floor":2,"turns":6},{"damage":1,"enemies":"Cultist","floor":3,"turns":3},{"damage":20,"enemies":"Exordium Wildlife","floor":5,"turns":6},{"damage":18,"enemies":"Gremlin Nob","floor":7,"turns":3},{"damage":0,"enemies":"Blue Slaver","floor":10,"turns":1},{"damage":0,"enemies":"Red Slaver","floor":11,"turns":1},{"damage":0,"enemies":"Large Slime","floor":12,"turns":4},{"damage":0,"enemies":"Gremlin Gang","floor":14,"turns":3},{"damage":53,"enemies":"The Guardian","floor":16,"turns":9},{"damage":23,"enemies":"2 Thieves","floor":18,"turns":3},{"damage":2,"enemies":"Chosen","floor":22,"turns":5},{"damage":3,"enemies":"Snake Plant","floor":24,"turns":3},{"damage":0,"enemies":"3 Cultists","floor":27,"turns":4},{"damage":0,"enemies":"Slavers","floor":31,"turns":5},{"damage":2,"enemies":"Collector","floor":33,"turns":9},{"damage":0,"enemies":"3 Darklings","floor":35,"turns":4},{"damage":1,"enemies":"Orb Walker","floor":36,"turns":3},{"damage":2,"enemies":"2 Orb Walkers","floor":37,"turns":4},{"damage":2,"enemies":"Jaw Worm Horde","floor":38,"turns":4},{"damage":0,"enemies":"3 Darklings","floor":39,"turns":6},{"damage":10,"enemies":"Nemesis","floor":40,"turns":3},{"damage":4,"enemies":"Reptomancer","floor":42,"turns":4},{"damage":4,"enemies":"Giant Head","floor":45,"turns":7},{"damage":3,"enemies":"Sphere and 2 Shapes","floor":47,"turns":2},{"damage":0,"enemies":"Maw","floor":48,"turns":7},{"damage":64,"enemies":"Awakened One","floor":50,"turns":8}],"seed_played":"-8770097904759821480","potions_obtained":[{"floor":3,"key":"Energy Potion"},{"floor":5,"key":"GamblersBrew"},{"floor":7,"key":"AttackPotion"},{"floor":16,"key":"Regen Potion"},{"floor":18,"key":"Explosive Potion"},{"floor":24,"key":"BlessingOfTheForge"},{"floor":35,"key":"FearPotion"},{"floor":36,"key":"DistilledChaos"},{"floor":48,"key":"SteroidPotion"}],"is_trial":false,"path_per_floor":["M","M","M","?","M","R","E","R","T","M","M","M","R","M","R","B",null,"M","$","?","?","M","R","M","R","T","M","R","?","T","E","R","B",null,"M","M","?","M","M","E","$","E","T","R","E","R","M","M","R","B"],"character_chosen":"IRONCLAD","items_purchased":["True Grit"],"campfire_rested":0,"item_purchase_floors":[19],"current_hp_per_floor":[74,77,82,58,44,44,32,32,32,38,44,50,50,56,56,9,96,79,79,48,48,48,48,48,48,48,48,48,48,48,48,48,48,48,48,48,48,48,48,51,51,55,55,55,55,55,55,55,55,0],"gold":143,"neow_bonus":"TWENTY_PERCENT_HP_BONUS","is_prod":false,"is_daily":false,"chose_seed":false,"campfire_upgraded":10,"win_rate":0,"timestamp":1695165014,"path_taken":["M","M","M","?","M","R","E","R","T","M","M","M","R","M","R","BOSS","M","$","?","?","M","R","M","R","T","?","R","?","?","E","R","BOSS","M","M","?","M","M","E","$","E","T","R","E","R","M","M","R","BOSS"],"build_version":"2022-12-18","purchased_purges":1,"victory":false,"max_hp_per_floor":[96,96,96,96,96,96,96,96,96,96,96,96,96,96,96,96,96,96,96,48,48,48,48,48,48,48,48,48,48,48,48,48,48,48,48,48,48,48,48,55,55,55,55,55,55,55,55,55,55,55],"card_choices":[{"not_picked":["Clothesline","Warcry"],"picked":"Battle Trance","floor":1},{"not_picked":["Clothesline","Havoc"],"picked":"Flex","floor":2},{"not_picked":["Warcry","Body Slam"],"picked":"Twin Strike","floor":3},{"not_picked":["Armaments","Dual Wield"],"picked":"Corruption","floor":5},{"not_picked":["Thunderclap","Brutality"],"picked":"Wild Strike","floor":7},{"not_picked":["Pommel Strike","Sword Boomerang"],"picked":"Dark Embrace","floor":10},{"not_picked":["Body Slam","Sword Boomerang"],"picked":"Seeing Red","floor":11},{"not_picked":["Clash","Searing Blow","Iron Wave"],"picked":"SKIP","floor":12},{"not_picked":["Blood for Blood","Rampage","Clothesline"],"picked":"SKIP","floor":14},{"not_picked":["Juggernaut","Bludgeon"],"picked":"Double Tap","floor":16},{"not_picked":["Dual Wield","Rupture"],"picked":"Seeing Red","floor":18},{"not_picked":["Headbutt","Second Wind"],"picked":"Warcry+1","floor":22},{"not_picked":["Pummel","Havoc+1"],"picked":"Heavy Blade+1","floor":24},{"not_picked":["Power Through+1","Cleave+1"],"picked":"Shrug It Off+1","floor":27},{"not_picked":["Flex","Cleave"],"picked":"Impervious","floor":31},{"not_picked":["Feed","Corruption"],"picked":"Fiend Fire","floor":33},{"not_picked":["Havoc+1","Wild Strike+1"],"picked":"Armaments+1","floor":35},{"not_picked":["Power Through","Combust","Wild Strike+1"],"picked":"SKIP","floor":36},{"not_picked":["Warcry","Perfected Strike+1"],"picked":"Hemokinesis","floor":37},{"not_picked":["Infernal Blade+1","Juggernaut"],"picked":"Carnage+1","floor":38},{"not_picked":["Sword Boomerang","Clash","Twin Strike+1"],"picked":"SKIP","floor":39},{"not_picked":["Combust+1","Wild Strike+1","Brutality"],"picked":"SKIP","floor":40},{"not_picked":["Juggernaut","Fire Breathing","Cleave+1"],"picked":"SKIP","floor":42},{"not_picked":["Power Through+1","Metallicize+1"],"picked":"Feel No Pain+1","floor":45},{"not_picked":["Second Wind+1","Warcry+1"],"picked":"Flame Barrier+1","floor":47},{"not_picked":["Pommel Strike","Headbutt","Blood for Blood+1"],"picked":"SKIP","floor":48}],"player_experience":658609,"relics_obtained":[{"floor":7,"key":"Bag of Marbles"},{"floor":9,"key":"Paper Frog"},{"floor":26,"key":"Blood Vial"},{"floor":31,"key":"Turnip"},{"floor":37,"key":"Gambling Chip"},{"floor":40,"key":"Strawberry"},{"floor":42,"key":"Centennial Puzzle"},{"floor":43,"key":"Bronze Scales"},{"floor":45,"key":"Kunai"}],"event_choices":[{"damage_healed":0,"gold_gain":0,"player_choice":"Take Damage","damage_taken":24,"relics_obtained":["Golden Idol"],"max_hp_gain":0,"max_hp_loss":0,"event_name":"Golden Idol","floor":4,"gold_loss":0},{"damage_healed":0,"gold_gain":0,"player_choice":"Became a Ghost","damage_taken":0,"max_hp_gain":0,"max_hp_loss":48,"event_name":"Ghosts","floor":20,"gold_loss":0,"cards_obtained":["Ghostly","Ghostly","Ghostly","Ghostly","Ghostly"]},{"damage_healed":0,"gold_gain":0,"player_choice":"Upgraded","damage_taken":0,"max_hp_gain":0,"max_hp_loss":0,"event_name":"Upgrade Shrine","floor":21,"gold_loss":0,"cards_upgraded":["Dark Embrace"]},{"cards_removed":["Strike_R"],"damage_healed":0,"gold_gain":0,"player_choice":"Gave Gold","damage_taken":0,"max_hp_gain":0,"max_hp_loss":0,"event_name":"Beggar","floor":29,"gold_loss":75},{"damage_healed":0,"gold_gain":0,"player_choice":"Fight","damage_taken":0,"max_hp_gain":0,"max_hp_loss":0,"event_name":"Mysterious Sphere","floor":37,"gold_loss":0}],"is_beta":false,"boss_relics":[{"not_picked":["Calling Bell","Runic Dome"],"picked":"Ectoplasm"},{"not_picked":["Busted Crown","Black Blood"],"picked":"Empty Cage"}],"items_purged_floors":[19],"is_endless":false,"potions_floor_spawned":[3,5,7,16,18,24,27,35,36,38,48],"killed_by":"Awakened One","ascension_level":3}