{"gold_per_floor":[115,132,132,150,150,176,176,205,205,36,36,50,50,60,60,165,165,179,195,212,65,65,93,93,123,123,123,141,321,321,337,337,435,435,455,466,108,108,124,124,124,124,124,124,138,172,48,126,126,126,126,126,35,70,70],"floor_reached":56,"playtime":2613,"items_purged":["Strike_R","Strike_R","Strike_R","Strike_R"],"score":1361,"play_id":"9d8f7c54-5870-498a-8142-13d5f6353653","local_time":"20230919165628","is_ascension_mode":true,"campfire_choices":[{"data":"Iron Wave","floor":7,"key":"SMITH"},{"data":"Anger","floor":11,"key":"SMITH"},{"data":"Spot Weakness","floor":13,"key":"SMITH"},{"data":"Pommel Strike","floor":15,"key":"SMITH"},{"data":"Whirlwind","floor":24,"key":"SMITH"},{"data":"Brutality","floor":27,"key":"SMITH"},{"floor":30,"key":"REST"},{"data":"Heavy Blade","floor":32,"key":"SMITH"},{"data":"Flame Barrier","floor":40,"key":"SMITH"},{"data":"Shrug It Off","floor":42,"key":"SMITH"},{"data":"Shrug It Off","floor":44,"key":"SMITH"},{"floor":49,"key":"RECALL"},{"data":"Sword Boomerang","floor":52,"key":"SMITH"}],"neow_cost":"NONE","seed_source_timestamp":220644120908100,"circlet_count":0,"master_deck":["Strike_R+1","Defend_R","Defend_R","Defend_R","Defend_R","Bash+1","Anger+1","Iron Wave+1","Pommel Strike+1","Shrug It Off+1","Headbutt+1","Panacea","Spot Weakness+1","Bloodletting","Brutality+1","Flame Barrier+1","Heavy Blade+1","Shockwave","Shrug It Off+1","Whirlwind+1","Shrug It Off","Rupture+1","Reaper","Seeing Red","Bloodletting","Spot Weakness","Armaments+1","Hemokinesis","Rage+1","Sword Boomerang+1","Battle Trance+1","Armaments+1"],"relics":["Burning Blood","Lizard Tail","Regal Pillow","Bronze Scales","Question Card","SlaversCollar","Akabeko","Bottled Flame","Runic Cube","Membership Card","Whetstone","Toxic Egg 2","Bag of Preparation","Mummified Hand","OrangePellets","Du-Vu Doll"],"potions_floor_usage":[8,23,25,33,33,55,55,55],"damage_taken":[{"damage":4,"enemies":"Jaw Worm","floor":1,"turns":4},{"damage":6,"enemies":"Cultist","floor":2,"turns":3},{"damage":0,"enemies":"2 Louse","floor":4,"turns":3},{"damage":27,"enemies":"Lagavulin","floor":6,"turns":6},{"damage":27,"enemies":"3 Sentries","floor":8,"turns":8},{"damage":3,"enemies":"Gremlin Gang","floor":12,"turns":6},{"damage":6,"enemies":"Looter","floor":14,"turns":3},{"damage":16,"enemies":"The Guardian","floor":16,"turns":6},{"damage":5,"enemies":"Chosen","floor":18,"turns":4},{"damage":16,"enemies":"Shell Parasite","floor":19,"turns":4},{"damage":30,"enemies":"Cultist and Chosen","floor":20,"turns":6},{"damage":17,"enemies":"Gremlin Leader","floor":23,"turns":5},{"damage":14,"enemies":"Slavers","floor":25,"turns":3},{"damage":17,"enemies":"Snake Plant","floor":28,"turns":3},{"damage":5,"enemies":"Snecko","floor":31,"turns":3},{"damage":30,"enemies":"Champ","floor":33,"turns":8},{"damage":35,"enemies":"3 Shapes","floor":35,"turns":6},{"damage":14,"enemies":"Orb Walker","floor":36,"turns":4},{"damage":15,"enemies":"Spire Growth","floor":39,"turns":4},{"damage":4,"enemies":"Sphere and 2 Shapes","floor":45,"turns":2},{"damage":29,"enemies":"Giant Head","floor":46,"turns":7},{"damage":51,"enemies":"Awakened One","floor":50,"turns":8},{"damage":66,"enemies":"Shield and Spear","floor":54,"turns":4},{"damage":44,"enemies":"The Heart","floor":55,"turns":7}],"seed_played":"-4469209626374486355","potions_obtained":[{"floor":2,"key":"SteroidPotion"},{"floor":6,"key":"FearPotion"},{"floor":16,"key":"BlessingOfTheForge"},{"floor":18,"key":"BlessingOfTheForge"},{"floor":25,"key":"EssenceOfSteel"},{"floor":28,"key":"SkillPotion"},{"floor":31,"key":"Strength Potion"},{"floor":33,"key":"PowerPotion"},{"floor":35,"key":"Dexterity Potion"}],"is_trial":false,"path_per_floor":["M","M","?","M","T","E","R","E","T","$","R","M","R","M","R","B",null,"M","M","M","$","?","E","R","E","T","R","M","?","R","M","R","B",null,"M","M","$","?","M","R","?","R","T","R","M","E","$","T","R","B",null,"R","$","E","B",null],"character_chosen":"IRONCLAD","items_purchased":["Panacea","Shrug It Off","Membership Card","Bloodletting","Whetstone","Spot Weakness","Rage+1","Sword Boomerang","OrangePellets","Battle Trance+1"],"campfire_rested":1,"item_purchase_floors":[10,21,37,37,37,37,47,47,53,53],"current_hp_per_floor":[80,80,80,80,80,59,59,38,38,38,38,41,41,41,41,31,80,80,70,46,46,31,20,20,12,12,12,47,28,68,69,69,45,85,72,72,72,72,81,81,81,81,81,81,81,81,81,81,81,40,81,81,81,48,29],"gold":70,"neow_bonus":"UPGRADE_CARD","is_prod":false,"is_daily":false,"chose_seed":false,"campfire_upgraded":11,"win_rate":0,"timestamp":1695167788,"path_taken":["M","M","?","M","?","E","R","E","T","$","R","?","R","M","R","BOSS","M","?","M","$","?","E","R","E","T","R","M","?","R","M","R","BOSS","M","?","$","?","M","R","?","R","T","R","M","E","$","?","R","BOSS","R","$","E","BOSS"],"build_version":"2022-12-18","purchased_purges":4,"victory":true,"max_hp_per_floor":[80,80,80,80,80,80,80,80,80,80,80,80,80,80,80,80,80,80,80,80,80,85,85,85,85,85,85,85,85,85,85,85,85,85,85,85,85,81,81,81,81,81,81,81,81,81,81,81,81,81,81,81,81,81,81],"card_choices":[{"not_picked":["Body Slam","Heavy Blade"],"picked":"Anger","floor":1},{"not_picked":["Burning Pact","Power Through"],"picked":"Iron Wave","floor":2},{"not_picked":["Perfected Strike","Twin Strike"],"picked":"Pommel Strike","floor":4},{"not_picked":["Seeing Red","Rampage"],"picked":"Shrug It Off","floor":6},{"not_picked":["Sword Boomerang","Armaments"],"picked":"Headbutt","floor":8},{"not_picked":["Metallicize","Rampage","Pummel"],"picked":"Spot Weakness","floor":12},{"not_picked":["Searing Blow","Rampage","Feel No Pain"],"picked":"Bloodletting","floor":14},{"not_picked":["Bludgeon","Impervious","Corruption"],"picked":"Brutality","floor":16},{"not_picked":["Sentinel","Perfected Strike+1","Feel No Pain"],"picked":"Flame Barrier","floor":18},{"not_picked":["Headbutt+1","Clash","Warcry+1"],"picked":"Heavy Blade","floor":19},{"not_picked":["Clothesline","Flex+1","Intimidate"],"picked":"Shockwave","floor":20},{"not_picked":["Dual Wield","Searing Blow","Infernal Blade"],"picked":"Whirlwind","floor":23},{"not_picked":["Clash","Warcry","Fire Breathing+1"],"picked":"Shrug It Off","floor":25},{"not_picked":["Cleave","Headbutt","Carnage","Dual Wield"],"picked":"SKIP","floor":28},{"not_picked":["Clothesline+1","Armaments","Corruption"],"picked":"Rupture+1","floor":31},{"not_picked":["Immolate","Brutality","Juggernaut"],"picked":"Reaper","floor":33},{"not_picked":["Thunderclap+1","Clothesline","Wild Strike+1","Combust+1"],"picked":"SKIP","floor":35},{"not_picked":["Evolve","Wild Strike+1","Headbutt"],"picked":"Seeing Red","floor":36},{"not_picked":["True Grit+1","Dual Wield+1","Whirlwind","Fire Breathing"],"picked":"SKIP","floor":39},{"not_picked":["Combust+1","Seeing Red+1","Twin Strike"],"picked":"Armaments+1","floor":45},{"not_picked":["Clash","Blood for Blood+1","Second Wind+1"],"picked":"Hemokinesis","floor":46},{"not_picked":["Shrug It Off+1","Iron Wave+1","Twin Strike+1"],"picked":"Armaments+1","floor":54}],"player_experience":660872,"relics_obtained":[{"floor":5,"key":"Lizard Tail"},{"floor":6,"key":"Regal Pillow"},{"floor":8,"key":"Bronze Scales"},{"floor":9,"key":"Question Card"},{"floor":23,"key":"Akabeko"},{"floor":25,"key":"Bottled Flame"},{"floor":43,"key":"Toxic Egg 2"},{"floor":46,"key":"Bag of Preparation"},{"floor":48,"key":"Mummified Hand"},{"floor":54,"key":"Du-Vu Doll"}],"event_choices":[{"damage_healed":0,"gold_gain":0,"player_choice":"Ignored","damage_taken":0,"max_hp_gain":0,"max_hp_loss":0,"event_name":"Liars Game","floor":3,"gold_loss":0},{"damage_healed":0,"gold_gain":0,"player_choice":"Shed Blood","damage_taken":20,"max_hp_gain":5,"max_hp_loss":0,"event_name":"Forgotten Altar","floor":22,"gold_loss":0},{"damage_healed":0,"gold_gain":180,"player_choice":"GOLD GOLD ","damage_taken":19,"max_hp_gain":0,"max_hp_loss":0,"event_name":"Knowing Skull","floor":29,"potions_obtained":[],"gold_loss":0,"cards_obtained":[]},{"damage_healed":0,"gold_gain":0,"player_choice":"Max HP","damage_taken":0,"max_hp_gain":0,"max_hp_loss":4,"event_name":"Winding Halls","floor":38,"gold_loss":0},{"damage_healed":0,"gold_gain":0,"player_choice":"Ignored","damage_taken":0,"max_hp_gain":0,"max_hp_loss":0,"event_name":"Tomb of Lord Red Mask","floor":41,"gold_loss":0}],"is_beta":false,"boss_relics":[{"not_picked":["Sozu","Busted Crown"],"picked":"SlaversCollar"},{"not_picked":["Calling Bell","Runic Pyramid"],"picked":"Runic Cube"}],"items_purged_floors":[10,21,37,47],"is_endless":false,"potions_floor_spawned":[2,6,16,18,25,28,31,33,35,46,54],"ascension_level":3}