{"gold_per_floor":[115,132,148,148,164,193,204,204,274,274,62,77,77,89,89,186,186,204,220,320,333,185,185,213,230,276,288,288,136,170,184,184,283,283,296,309,309,322,372,405,405,405,405,432,432,458,86,115,115,115,115,115,34,69,69],"floor_reached":56,"playtime":2645,"items_purged":["Strike_R","Strike_R","Strike_R","Strike_R"],"score":1886,"play_id":"d5b7862e-25df-4258-b945-c1a8eb5461fe","local_time":"20231006230546","is_ascension_mode":true,"campfire_choices":[{"data":"Carnage","floor":8,"key":"SMITH"},{"data":"Sword Boomerang","floor":10,"key":"SMITH"},{"floor":13,"key":"REST"},{"data":"Limit Break","floor":15,"key":"SMITH"},{"data":"True Grit","floor":23,"key":"SMITH"},{"floor":28,"key":"REST"},{"data":"Armaments","floor":32,"key":"SMITH"},{"data":"Heavy Blade","floor":41,"key":"SMITH"},{"data":"Shrug It Off","floor":42,"key":"SMITH"},{"data":"Shrug It Off","floor":45,"key":"SMITH"},{"floor":49,"key":"RECALL"},{"data":"Shockwave","floor":52,"key":"SMITH"}],"neow_cost":"NONE","seed_source_timestamp":1711611127012200,"circlet_count":0,"master_deck":["AscendersBane","Strike_R","Defend_R","Defend_R","Defend_R","Defend_R","Bash+1","Shrug It Off+1","Dark Embrace","Headbutt","Wild Strike","Carnage+1","Sword Boomerang+1","Limit Break+1","Shrug It Off+1","True Grit+1","Demon Form+1","Seeing Red","Feel No Pain+1","Heavy Blade+1","Reaper+1","Armaments+1","Heavy Blade+1","Clothesline+1","Demon Form+1","Feel No Pain+1","True Grit+1","Reaper","Reaper","Shockwave+1","Impervious","Reaper+1"],"relics":["Burning Blood","Vajra","Frozen Egg 2","Snecko Eye","Ice Cream","Happy Flower","Whetstone","Coffee Dripper","WingedGreaves","Bronze Scales","Ornamental Fan","Molten Egg 2","ClockworkSouvenir","Potion Belt","Lantern"],"potions_floor_usage":[5,5,12,16,55],"damage_taken":[{"damage":7,"enemies":"2 Louse","floor":1,"turns":4},{"damage":5,"enemies":"Cultist","floor":2,"turns":4},{"damage":9,"enemies":"Jaw Worm","floor":3,"turns":4},{"damage":16,"enemies":"Lots of Slimes","floor":5,"turns":2},{"damage":57,"enemies":"3 Sentries","floor":6,"turns":11},{"damage":11,"enemies":"2 Fungi Beasts","floor":7,"turns":4},{"damage":15,"enemies":"Large Slime","floor":12,"turns":5},{"damage":3,"enemies":"Blue Slaver","floor":14,"turns":3},{"damage":16,"enemies":"Hexaghost","floor":16,"turns":5},{"damage":0,"enemies":"Chosen","floor":18,"turns":3},{"damage":0,"enemies":"Spheric Guardian","floor":19,"turns":3},{"damage":13,"enemies":"Cultist and Chosen","floor":21,"turns":5},{"damage":44,"enemies":"Slavers","floor":24,"turns":3},{"damage":29,"enemies":"Snake Plant","floor":25,"turns":4},{"damage":4,"enemies":"Centurion and Healer","floor":27,"turns":6},{"damage":18,"enemies":"Book of Stabbing","floor":30,"turns":3},{"damage":16,"enemies":"Snecko","floor":31,"turns":4},{"damage":10,"enemies":"Automaton","floor":33,"turns":5},{"damage":13,"enemies":"Orb Walker","floor":35,"turns":3},{"damage":48,"enemies":"3 Darklings","floor":36,"turns":5},{"damage":32,"enemies":"Jaw Worm Horde","floor":38,"turns":4},{"damage":39,"enemies":"Mind Bloom Boss Battle","floor":39,"turns":5},{"damage":96,"enemies":"Reptomancer","floor":40,"turns":6},{"damage":26,"enemies":"Nemesis","floor":44,"turns":5},{"damage":64,"enemies":"Reptomancer","floor":46,"turns":6},{"damage":4,"enemies":"Giant Head","floor":48,"turns":5},{"damage":34,"enemies":"Donu and Deca","floor":50,"turns":5},{"damage":64,"enemies":"Shield and Spear","floor":54,"turns":5},{"damage":72,"enemies":"The Heart","floor":55,"turns":7}],"seed_played":"-5136198327489283819","potions_obtained":[{"floor":1,"key":"Explosive Potion"},{"floor":5,"key":"Fruit Juice"},{"floor":6,"key":"LiquidMemories"},{"floor":7,"key":"PowerPotion"},{"floor":24,"key":"Energy Potion"},{"floor":25,"key":"LiquidMemories"},{"floor":33,"key":"PowerPotion"},{"floor":54,"key":"SmokeBomb"}],"is_trial":false,"path_per_floor":["M","M","M","?","M","E","M","R","T","R","$","M","R","M","R","B",null,"M","M","?","M","$","R","E","M","T","M","R","$","E","M","R","B",null,"M","M","?","M","?","E","R","R","T","E","R","E","$","E","R","B",null,"R","$","E","B",null],"character_chosen":"IRONCLAD","items_purchased":["Limit Break","Heavy Blade","Heavy Blade","ClockworkSouvenir","Shockwave","Reaper+1"],"campfire_rested":2,"item_purchase_floors":[11,22,29,47,47,53],"current_hp_per_floor":[79,80,77,77,72,21,16,16,16,16,16,7,34,37,37,27,77,83,89,89,82,82,82,44,21,21,34,61,61,76,93,93,89,92,93,90,88,88,88,88,88,88,88,68,68,74,74,76,76,88,88,88,88,88,88],"gold":69,"neow_bonus":"TEN_PERCENT_HP_BONUS","is_prod":false,"is_daily":false,"chose_seed":false,"campfire_upgraded":9,"win_rate":0,"timestamp":1696658746,"path_taken":["M","M","M","?","M","E","M","R","T","R","$","M","R","?","R","BOSS","M","M","?","M","$","R","E","M","T","?","R","$","E","M","R","BOSS","M","M","?","M","?","E","R","R","T","E","R","E","$","E","R","BOSS","R","$","E","BOSS"],"build_version":"2022-12-18","purchased_purges":4,"victory":true,"max_hp_per_floor":[88,88,88,88,93,93,93,93,93,93,93,93,93,93,93,93,93,93,93,93,93,93,93,93,93,93,93,93,93,93,93,93,93,93,93,93,88,88,88,88,88,88,88,88,88,88,88,88,88,88,88,88,88,88,88],"card_choices":[{"not_picked":["Feel No Pain","Heavy Blade"],"picked":"Shrug It Off","floor":1},{"not_picked":["Havoc","Shockwave"],"picked":"Dark Embrace","floor":2},{"not_picked":["Burning Pact","Evolve"],"picked":"Headbutt","floor":3},{"not_picked":["Warcry","Burning Pact"],"picked":"Wild Strike","floor":5},{"not_picked":["Iron Wave","Pommel Strike"],"picked":"Carnage","floor":6},{"not_picked":["Havoc","Iron Wave"],"picked":"Sword Boomerang","floor":7},{"not_picked":["Shockwave","Headbutt"],"picked":"Shrug It Off","floor":12},{"not_picked":["Clothesline","Flex"],"picked":"True Grit","floor":14},{"not_picked":["Juggernaut+1","Berserk+1"],"picked":"Demon Form+1","floor":16},{"not_picked":["Clash+1","Perfected Strike+1"],"picked":"Seeing Red","floor":18},{"not_picked":["Disarm+1","Body Slam","Twin Strike+1"],"picked":"SKIP","floor":19},{"not_picked":["Warcry","Flex"],"picked":"Feel No Pain+1","floor":21},{"not_picked":["Cleave","Uppercut"],"picked":"Reaper","floor":24},{"not_picked":["Flex+1","Feel No Pain+1","Shrug It Off"],"picked":"SKIP","floor":25},{"not_picked":["Warcry","Clothesline"],"picked":"Armaments","floor":27},{"not_picked":["Body Slam","Fire Breathing+1","Twin Strike"],"picked":"SKIP","floor":30},{"not_picked":["Flex","Feel No Pain+1"],"picked":"Clothesline+1","floor":31},{"not_picked":["Feed","Exhume"],"picked":"Demon Form+1","floor":33},{"not_picked":["Havoc","Warcry+1"],"picked":"Feel No Pain+1","floor":35},{"not_picked":["Cleave","Armaments+1","Clothesline+1"],"picked":"SKIP","floor":36},{"not_picked":["Combust+1","Thunderclap+1"],"picked":"True Grit+1","floor":38},{"not_picked":["Body Slam","Havoc"],"picked":"Reaper","floor":39},{"not_picked":["Heavy Blade+1","Hemokinesis+1","Clash"],"picked":"SKIP","floor":40},{"not_picked":["Cleave","Searing Blow"],"picked":"Reaper","floor":44},{"not_picked":["Sever Soul+1","Clothesline+1","Power Through"],"picked":"SKIP","floor":46},{"not_picked":["Iron Wave+1","True Grit"],"picked":"Impervious","floor":48},{"not_picked":["Sword Boomerang+1","Power Through+1","Inflame+1"],"picked":"SKIP","floor":54}],"player_experience":817662,"relics_obtained":[{"floor":6,"key":"Vajra"},{"floor":9,"key":"Frozen Egg 2"},{"floor":24,"key":"Ice Cream"},{"floor":26,"key":"Happy Flower"},{"floor":30,"key":"Whetstone"},{"floor":39,"key":"WingedGreaves"},{"floor":40,"key":"Bronze Scales"},{"floor":44,"key":"Ornamental Fan"},{"floor":46,"key":"Molten Egg 2"},{"floor":48,"key":"Potion Belt"},{"floor":54,"key":"Lantern"}],"event_choices":[{"damage_healed":0,"gold_gain":0,"player_choice":"Forge","damage_taken":0,"max_hp_gain":0,"max_hp_loss":0,"event_name":"Accursed Blacksmith","floor":4,"gold_loss":0,"cards_upgraded":["Bash"]},{"damage_healed":0,"gold_gain":100,"player_choice":"Pray","damage_taken":0,"max_hp_gain":0,"max_hp_loss":0,"event_name":"Golden Shrine","floor":20,"gold_loss":0},{"damage_healed":0,"gold_gain":0,"player_choice":"Max HP","damage_taken":0,"max_hp_gain":0,"max_hp_loss":5,"event_name":"Winding Halls","floor":37,"gold_loss":0},{"damage_healed":0,"gold_gain":0,"player_choice":"Fight","damage_taken":0,"max_hp_gain":0,"max_hp_loss":0,"event_name":"MindBloom","floor":39,"gold_loss":0}],"is_beta":false,"boss_relics":[{"not_picked":["Runic Cube","SlaversCollar"],"picked":"Snecko Eye"},{"not_picked":["Runic Dome","Pandora\u0027s Box"],"picked":"Coffee Dripper"}],"items_purged_floors":[11,22,29,47],"is_endless":false,"potions_floor_spawned":[1,5,6,7,24,25,27,33,38,40,44,54],"ascension_level":11}