{"gold_per_floor":[17,27,27,102,27,27,61,61,61,102,102,138,138,154,154,280,280,299,299,312,327,345,376,376,409,409,409,424,424,449,483,483,608,608,632,651,665,679,183,183,223,235,247,322,378,410,466,811,823,835,847,859,93,126,126],"floor_reached":56,"playtime":3975,"items_purged":["Strike_R","Defend_R"],"score":1917,"play_id":"ae067d6e-03f2-4550-aac8-c17c27660179","local_time":"20230929133307","is_ascension_mode":true,"campfire_choices":[{"data":"Bash","floor":6,"key":"SMITH"},{"floor":8,"key":"REST"},{"data":"Armaments","floor":11,"key":"SMITH"},{"data":"Twin Strike","floor":13,"key":"SMITH"},{"floor":15,"key":"REST"},{"floor":24,"key":"REST"},{"data":"True Grit","floor":27,"key":"SMITH"},{"data":"Exhume","floor":29,"key":"SMITH"},{"floor":32,"key":"REST"},{"floor":40,"key":"RECALL"},{"floor":42,"key":"REST"},{"floor":49,"key":"REST"},{"floor":52,"key":"REST"}],"neow_cost":"NO_GOLD","seed_source_timestamp":1071116818371499,"circlet_count":0,"master_deck":["AscendersBane","Strike_R","Strike_R","Defend_R","Defend_R","Bash+1","Twin Strike","Twin Strike+1","Shrug It Off","Armaments+1","Offering","Uppercut","True Grit+1","Exhume+1","Burning Pact","Sentinel+1","Shrug It Off+1","Armaments+1","Battle Trance","Feel No Pain+1","Dark Embrace","True Grit+1","Anger","Reaper","Shockwave+1","Dark Embrace+1","Heavy Blade+1","True Grit+1","Inflame","Battle Trance","Pommel Strike+1","Rupture+1","Bloodletting","Spot Weakness+1","Heavy Blade+1","Warcry+1","Dark Embrace+1","Rupture+1","Burning Pact"],"relics":["Burning Blood","Odd Mushroom","Shuriken","Prayer Wheel","Pocketwatch","Sozu","StoneCalendar","Letter Opener","Mercury Hourglass","MealTicket","Fusion Hammer","Paper Frog","Orrery","MawBank","Bird Faced Urn","Blood Vial","Omamori","Charon\u0027s Ashes","Medical Kit","Ornamental Fan","HornCleat"],"potions_floor_usage":[10,10,17,25,54],"damage_taken":[{"damage":6,"enemies":"2 Louse","floor":1,"turns":3},{"damage":7,"enemies":"Small Slimes","floor":2,"turns":3},{"damage":32,"enemies":"The Mushroom Lair","floor":7,"turns":5},{"damage":8,"enemies":"Gremlin Nob","floor":10,"turns":3},{"damage":30,"enemies":"3 Sentries","floor":12,"turns":10},{"damage":0,"enemies":"Cultist","floor":14,"turns":2},{"damage":7,"enemies":"Slime Boss","floor":16,"turns":9},{"damage":6,"enemies":"Spheric Guardian","floor":18,"turns":3},{"damage":11,"enemies":"Shell Parasite","floor":20,"turns":3},{"damage":25,"enemies":"Cultist and Chosen","floor":21,"turns":6},{"damage":3,"enemies":"Centurion and Healer","floor":22,"turns":5},{"damage":26,"enemies":"Slavers","floor":23,"turns":8},{"damage":15,"enemies":"Book of Stabbing","floor":25,"turns":6},{"damage":12,"enemies":"3 Cultists","floor":28,"turns":4},{"damage":15,"enemies":"Sentry and Sphere","floor":30,"turns":5},{"damage":12,"enemies":"Gremlin Leader","floor":31,"turns":4},{"damage":35,"enemies":"Automaton","floor":33,"turns":8},{"damage":28,"enemies":"3 Darklings","floor":35,"turns":7},{"damage":0,"enemies":"3 Shapes","floor":36,"turns":7},{"damage":15,"enemies":"Maw","floor":37,"turns":7},{"damage":22,"enemies":"Sphere and 2 Shapes","floor":38,"turns":5},{"damage":31,"enemies":"Nemesis","floor":41,"turns":7},{"damage":17,"enemies":"Mind Bloom Boss Battle","floor":44,"turns":6},{"damage":18,"enemies":"Giant Head","floor":45,"turns":4},{"damage":15,"enemies":"Transient","floor":46,"turns":5},{"damage":18,"enemies":"Reptomancer","floor":47,"turns":3},{"damage":48,"enemies":"Time Eater","floor":50,"turns":7},{"damage":47,"enemies":"Shield and Spear","floor":54,"turns":4},{"damage":68,"enemies":"The Heart","floor":55,"turns":8}],"seed_played":"5362100928710929729","potions_obtained":[{"floor":1,"key":"Swift Potion"},{"floor":7,"key":"SteroidPotion"},{"floor":16,"key":"EntropicBrew"}],"is_trial":false,"path_per_floor":["M","M","?","?","$","R","?","R","T","E","R","E","R","M","R","B",null,"M","?","M","M","M","E","R","E","T","R","M","R","M","E","R","B",null,"M","M","M","M","$","R","E","R","T","?","E","M","E","?","R","B",null,"R","$","E","B",null],"character_chosen":"IRONCLAD","items_purchased":["Paper Frog","Orrery","Charon\u0027s Ashes","Medical Kit","Ornamental Fan","Burning Pact"],"campfire_rested":7,"item_purchase_floors":[39,39,53,53,53,53],"current_hp_per_floor":[72,71,51,40,40,40,14,38,38,36,36,12,12,18,42,41,70,70,70,65,46,49,29,53,44,44,44,38,38,29,23,47,18,65,43,53,63,64,79,79,55,79,79,80,76,80,78,78,80,52,73,80,80,80,64],"gold":126,"neow_bonus":"REMOVE_TWO","is_prod":false,"is_daily":false,"chose_seed":false,"campfire_upgraded":5,"win_rate":0,"timestamp":1696019587,"path_taken":["M","M","?","?","$","R","?","R","T","E","R","E","R","M","R","BOSS","M","?","M","M","M","E","R","E","T","R","M","R","?","E","R","BOSS","M","M","M","M","$","R","E","R","T","?","E","M","E","?","R","BOSS","R","$","E","BOSS"],"build_version":"2022-12-18","purchased_purges":2,"victory":true,"max_hp_per_floor":[80,80,80,80,80,80,80,80,80,80,80,80,80,80,80,80,80,80,80,80,80,80,80,80,80,80,80,80,80,80,80,80,80,80,80,80,80,80,80,80,80,80,80,80,80,80,80,80,80,80,80,80,80,80,80],"card_choices":[{"not_picked":["Battle Trance","Feel No Pain"],"picked":"Twin Strike","floor":1},{"not_picked":["Pummel","Power Through"],"picked":"Twin Strike","floor":2},{"not_picked":["Flex","Iron Wave"],"picked":"Shrug It Off","floor":7},{"not_picked":["Metallicize","Hemokinesis"],"picked":"Armaments","floor":10},{"not_picked":["Havoc","Twin Strike"],"picked":"Offering","floor":12},{"not_picked":["Clash","Sever Soul"],"picked":"Uppercut","floor":14},{"not_picked":["Perfected Strike","Infernal Blade"],"picked":"True Grit","floor":14},{"not_picked":["Juggernaut","Fiend Fire"],"picked":"Exhume","floor":16},{"not_picked":["Twin Strike","Pummel","Rampage"],"picked":"SKIP","floor":18},{"not_picked":["Havoc","Rampage","Heavy Blade"],"picked":"SKIP","floor":18},{"not_picked":["Bloodletting","Flex"],"picked":"Sentinel+1","floor":20},{"not_picked":["Carnage","Wild Strike","Shrug It Off"],"picked":"SKIP","floor":20},{"not_picked":["Perfected Strike+1","Sentinel"],"picked":"Shrug It Off+1","floor":21},{"not_picked":["Hemokinesis","Clothesline","Flex"],"picked":"SKIP","floor":21},{"not_picked":["Entrench","Clash","Heavy Blade+1"],"picked":"SKIP","floor":22},{"not_picked":["Bludgeon","Heavy Blade","Clothesline"],"picked":"SKIP","floor":22},{"not_picked":["Sentinel","Headbutt","Havoc"],"picked":"SKIP","floor":23},{"not_picked":["Anger","Clash"],"picked":"Armaments+1","floor":25},{"not_picked":["Searing Blow","Intimidate"],"picked":"Battle Trance","floor":28},{"not_picked":["Thunderclap","Clash+1"],"picked":"Feel No Pain+1","floor":28},{"not_picked":["Twin Strike","Body Slam"],"picked":"Dark Embrace","floor":30},{"not_picked":["Flex","Iron Wave"],"picked":"True Grit+1","floor":30},{"not_picked":["Shrug It Off","Rampage"],"picked":"Anger","floor":31},{"not_picked":["Fiend Fire","Double Tap"],"picked":"Reaper","floor":33},{"not_picked":["Clash","Wild Strike","Body Slam"],"picked":"SKIP","floor":35},{"not_picked":["Clash","Uppercut","Cleave"],"picked":"SKIP","floor":35},{"not_picked":["Cleave","Bloodletting+1"],"picked":"Shockwave+1","floor":36},{"not_picked":["Clothesline+1","Sword Boomerang"],"picked":"Dark Embrace+1","floor":36},{"not_picked":["Headbutt","Iron Wave"],"picked":"Heavy Blade+1","floor":37},{"not_picked":["Armaments+1","Uppercut"],"picked":"True Grit+1","floor":37},{"not_picked":["Hemokinesis","Havoc+1"],"picked":"Inflame","floor":38},{"not_picked":["Anger+1","Double Tap"],"picked":"Battle Trance","floor":38},{"not_picked":["Uppercut","Burning Pact"],"picked":"Pommel Strike+1","floor":39},{"not_picked":["Double Tap","Headbutt"],"picked":"Rupture+1","floor":39},{"not_picked":["Seeing Red+1","Flame Barrier"],"picked":"Bloodletting","floor":39},{"not_picked":["Twin Strike+1","Anger+1"],"picked":"Spot Weakness+1","floor":41},{"not_picked":["Blood for Blood","Shrug It Off+1"],"picked":"Heavy Blade+1","floor":44},{"not_picked":["Uppercut+1","True Grit"],"picked":"Warcry+1","floor":45},{"not_picked":["Wild Strike+1","Clash+1"],"picked":"Dark Embrace+1","floor":46},{"not_picked":["Immolate","Headbutt","Body Slam+1"],"picked":"SKIP","floor":46},{"not_picked":["Disarm","Brutality"],"picked":"Rupture+1","floor":47},{"not_picked":["Evolve","Havoc+1","Iron Wave"],"picked":"SKIP","floor":54}],"player_experience":786893,"relics_obtained":[{"floor":7,"key":"Odd Mushroom"},{"floor":9,"key":"Shuriken"},{"floor":10,"key":"Prayer Wheel"},{"floor":12,"key":"Pocketwatch"},{"floor":23,"key":"StoneCalendar"},{"floor":25,"key":"Letter Opener"},{"floor":26,"key":"Mercury Hourglass"},{"floor":31,"key":"MealTicket"},{"floor":41,"key":"MawBank"},{"floor":44,"key":"Bird Faced Urn"},{"floor":45,"key":"Blood Vial"},{"floor":47,"key":"Omamori"},{"floor":54,"key":"HornCleat"}],"event_choices":[{"damage_healed":0,"gold_gain":0,"player_choice":"Take Damage","damage_taken":20,"relics_obtained":["Golden Idol"],"max_hp_gain":0,"max_hp_loss":0,"event_name":"Golden Idol","floor":3,"gold_loss":0},{"damage_healed":0,"gold_gain":75,"player_choice":"Gather Gold","damage_taken":11,"max_hp_gain":0,"max_hp_loss":0,"event_name":"World of Goop","floor":4,"gold_loss":0},{"damage_healed":0,"gold_gain":0,"player_choice":"Fought Mushrooms","damage_taken":0,"max_hp_gain":0,"max_hp_loss":0,"event_name":"Mushrooms","floor":7,"gold_loss":0},{"damage_healed":0,"gold_gain":0,"cards_transformed":["Strike_R"],"player_choice":"Transformed","damage_taken":0,"max_hp_gain":0,"max_hp_loss":0,"event_name":"Transmorgrifier","floor":19,"gold_loss":0,"cards_obtained":["Burning Pact"]},{"damage_healed":0,"gold_gain":0,"player_choice":"Fight","damage_taken":0,"max_hp_gain":0,"max_hp_loss":0,"event_name":"MindBloom","floor":44,"gold_loss":0},{"damage_healed":0,"gold_gain":333,"player_choice":"Gave Idol","damage_taken":0,"max_hp_gain":0,"max_hp_loss":0,"event_name":"The Moai Head","floor":48,"relics_lost":["Golden Idol"],"gold_loss":0}],"is_beta":false,"boss_relics":[{"not_picked":["SlaversCollar","Runic Pyramid"],"picked":"Sozu"},{"not_picked":["Astrolabe","Tiny House"],"picked":"Fusion Hammer"}],"items_purged_floors":[5,39],"is_endless":false,"potions_floor_spawned":[1,7,16,20,23,25,31,33,38,41,44,45,47,54],"ascension_level":10}