{"gold_per_floor":[110,126,146,158,170,170,188,188,236,248,266,293,293,326,326,426,426,441,366,321],"floor_reached":20,"playtime":882,"items_purged":[],"score":341,"play_id":"19ade269-83fb-4a98-b66e-27e9861da12d","local_time":"20231009195843","is_ascension_mode":true,"campfire_choices":[{"data":"Carnage","floor":6,"key":"SMITH"},{"data":"Bash","floor":8,"key":"SMITH"},{"data":"Armaments","floor":13,"key":"SMITH"},{"data":"Dark Embrace","floor":15,"key":"SMITH"}],"neow_cost":"NONE","seed_source_timestamp":166950148108500,"circlet_count":0,"master_deck":["AscendersBane","Strike_R","Strike_R","Strike_R","Strike_R","Defend_R","Defend_R","Defend_R","Defend_R","Bash+1","Barricade","True Grit","Anger","Flame Barrier","Carnage+1","Sword Boomerang","Dark Embrace+1","Armaments+1","Headbutt","Feed"],"relics":["Burning Blood","Lantern","Juzu Bracelet","Bottled Flame","Velvet Choker"],"potions_floor_usage":[7,12,14,14,14,20,20],"damage_taken":[{"damage":1,"enemies":"Cultist","floor":1,"turns":4},{"damage":1,"enemies":"2 Louse","floor":2,"turns":4},{"damage":13,"enemies":"Jaw Worm","floor":3,"turns":4},{"damage":10,"enemies":"Blue Slaver","floor":4,"turns":5},{"damage":0,"enemies":"Large Slime","floor":5,"turns":5},{"damage":9,"enemies":"Lots of Slimes","floor":7,"turns":5},{"damage":1,"enemies":"2 Fungi Beasts","floor":10,"turns":4},{"damage":6,"enemies":"Looter","floor":11,"turns":2},{"damage":25,"enemies":"3 Sentries","floor":12,"turns":7},{"damage":0,"enemies":"Lagavulin","floor":14,"turns":11},{"damage":37,"enemies":"The Guardian","floor":16,"turns":14},{"damage":31,"enemies":"Shell Parasite","floor":18,"turns":8},{"damage":28,"enemies":"2 Thieves","floor":20,"turns":4}],"seed_played":"-2502307082716238273","potions_obtained":[{"floor":1,"key":"EntropicBrew"},{"floor":4,"key":"EssenceOfSteel"},{"floor":7,"key":"Strength Potion"},{"floor":14,"key":"ColorlessPotion"},{"floor":18,"key":"AttackPotion"}],"is_trial":false,"path_per_floor":["M","M","M","M","M","R","M","R","T","M","M","E","R","E","R","B",null,"M","?","M"],"character_chosen":"IRONCLAD","items_purchased":[],"campfire_rested":0,"item_purchase_floors":[],"current_hp_per_floor":[77,80,73,69,75,75,72,72,72,77,77,58,58,64,64,33,68,43,43,18],"gold":321,"neow_bonus":"ONE_RANDOM_RARE_CARD","is_prod":false,"is_daily":false,"chose_seed":false,"campfire_upgraded":4,"win_rate":0,"timestamp":1696906723,"path_taken":["M","M","M","M","M","R","M","R","T","?","M","E","R","E","R","BOSS","M","?","M"],"build_version":"2022-12-18","purchased_purges":0,"victory":false,"max_hp_per_floor":[80,80,80,80,80,80,80,80,80,80,80,80,80,80,80,80,80,80,80,83],"card_choices":[{"not_picked":["Burning Pact","Armaments"],"picked":"True Grit","floor":1},{"not_picked":["Clash","Warcry"],"picked":"Anger","floor":2},{"not_picked":["Iron Wave","Havoc"],"picked":"Flame Barrier","floor":3},{"not_picked":["Heavy Blade","Rage"],"picked":"Carnage","floor":4},{"not_picked":["Rampage","Heavy Blade","Clash"],"picked":"SKIP","floor":5},{"not_picked":["Pommel Strike","Thunderclap"],"picked":"Sword Boomerang","floor":7},{"not_picked":["Sword Boomerang","Anger"],"picked":"Dark Embrace","floor":10},{"not_picked":["Dual Wield","Metallicize"],"picked":"Armaments","floor":11},{"not_picked":["Blood for Blood","Intimidate"],"picked":"Headbutt","floor":12},{"not_picked":["Warcry","Clothesline","Pommel Strike"],"picked":"SKIP","floor":14},{"not_picked":["Immolate","Berserk"],"picked":"Feed","floor":16},{"not_picked":["Warcry","Clash","Anger"],"picked":"SKIP","floor":18}],"player_experience":848467,"relics_obtained":[{"floor":9,"key":"Lantern"},{"floor":12,"key":"Juzu Bracelet"},{"floor":14,"key":"Bottled Flame"}],"event_choices":[{"cards_removed":["Strike_R"],"damage_healed":0,"gold_gain":0,"player_choice":"Gave Gold","damage_taken":0,"max_hp_gain":0,"max_hp_loss":0,"event_name":"Beggar","floor":19,"gold_loss":75}],"is_beta":false,"boss_relics":[{"not_picked":["Mark of Pain","Astrolabe"],"picked":"Velvet Choker"}],"items_purged_floors":[],"is_endless":false,"potions_floor_spawned":[1,4,7,11,14,18],"killed_by":"2 Thieves","ascension_level":12}