{"gold_per_floor":[111,127,144,95,107,138,138,138,138,138,138,138,163,192,192,292,292,305,305,320,336,348,348,348,348],"floor_reached":25,"playtime":1114,"items_purged":[],"score":338,"play_id":"e1651dbe-6bf6-4e13-9979-dc69c57c8833","local_time":"20231011080040","is_ascension_mode":true,"campfire_choices":[{"data":"Body Slam","floor":8,"key":"SMITH"},{"data":"Second Wind","floor":10,"key":"SMITH"},{"data":"Barricade","floor":15,"key":"SMITH"},{"data":"Ghostly Armor","floor":23,"key":"SMITH"}],"neow_cost":"NONE","seed_source_timestamp":296440423003100,"circlet_count":0,"master_deck":["AscendersBane","Strike_R","Strike_R","Strike_R","Strike_R","Defend_R","Defend_R","Defend_R","Defend_R+1","Bash","Wild Strike","Second Wind+1","True Grit+1","Body Slam+1","Shockwave","Cleave","Barricade+1","Brutality","Anger","Hemokinesis+1","Ghostly Armor+1"],"relics":["Burning Blood","Potion Belt","War Paint","Red Skull","Odd Mushroom","Kunai","Coffee Dripper"],"potions_floor_usage":[5,6,16,22,25,25],"damage_taken":[{"damage":9,"enemies":"Jaw Worm","floor":1,"turns":4},{"damage":4,"enemies":"2 Louse","floor":2,"turns":4},{"damage":15,"enemies":"Small Slimes","floor":3,"turns":3},{"damage":10,"enemies":"Gremlin Gang","floor":5,"turns":8},{"damage":43,"enemies":"Gremlin Nob","floor":6,"turns":6},{"damage":17,"enemies":"The Mushroom Lair","floor":13,"turns":5},{"damage":16,"enemies":"Lagavulin","floor":14,"turns":7},{"damage":18,"enemies":"Slime Boss","floor":16,"turns":14},{"damage":23,"enemies":"3 Byrds","floor":18,"turns":9},{"damage":28,"enemies":"2 Thieves","floor":20,"turns":4},{"damage":18,"enemies":"Cultist and Chosen","floor":21,"turns":6},{"damage":9,"enemies":"Snake Plant","floor":22,"turns":5},{"damage":16,"enemies":"Slavers","floor":25,"turns":2}],"seed_played":"-9119522444651096291","potions_obtained":[{"floor":2,"key":"SkillPotion"},{"floor":13,"key":"BlessingOfTheForge"},{"floor":16,"key":"Regen Potion"},{"floor":18,"key":"Weak Potion"},{"floor":20,"key":"Dexterity Potion"}],"is_trial":false,"path_per_floor":["M","M","M","$","M","E","?","R","T","R","?","?","?","E","R","B",null,"M","?","M","M","M","R","?","E"],"character_chosen":"IRONCLAD","items_purchased":["Block Potion"],"campfire_rested":0,"item_purchase_floors":[4],"current_hp_per_floor":[69,71,62,62,58,21,21,21,21,21,21,47,36,26,26,14,64,47,47,25,13,24,24,16,0],"gold":348,"neow_bonus":"RANDOM_COMMON_RELIC","is_prod":false,"is_daily":false,"chose_seed":false,"campfire_upgraded":4,"win_rate":0,"timestamp":1697036440,"path_taken":["M","M","M","$","M","E","?","R","T","R","?","?","?","E","R","BOSS","M","?","M","M","?","R","?","E"],"build_version":"2022-12-18","purchased_purges":0,"victory":false,"max_hp_per_floor":[80,80,80,80,80,80,80,80,80,80,80,80,80,80,80,80,80,80,80,80,80,80,80,80,80],"card_choices":[{"not_picked":["Rupture","Armaments"],"picked":"Wild Strike","floor":1},{"not_picked":["Uppercut","Clothesline"],"picked":"Second Wind","floor":2},{"not_picked":["Seeing Red","Heavy Blade"],"picked":"True Grit","floor":3},{"not_picked":["Rampage","Thunderclap"],"picked":"Body Slam","floor":5},{"not_picked":["Sword Boomerang","Fire Breathing"],"picked":"Shockwave","floor":6},{"not_picked":["Clash","Clothesline"],"picked":"Cleave","floor":13},{"not_picked":["Flex","Armaments"],"picked":"Barricade","floor":14},{"not_picked":["Juggernaut","Limit Break"],"picked":"Brutality","floor":16},{"not_picked":["Rampage+1","Thunderclap","Sword Boomerang"],"picked":"SKIP","floor":18},{"not_picked":["Fire Breathing","Havoc","Carnage"],"picked":"SKIP","floor":20},{"not_picked":["Second Wind","Clash"],"picked":"Hemokinesis+1","floor":21},{"not_picked":["Reckless Charge","Shockwave"],"picked":"Ghostly Armor","floor":22}],"player_experience":849349,"relics_obtained":[{"floor":6,"key":"War Paint"},{"floor":9,"key":"Red Skull"},{"floor":13,"key":"Odd Mushroom"},{"floor":14,"key":"Kunai"}],"event_choices":[{"cards_removed":["Strike_R"],"damage_healed":0,"gold_gain":0,"player_choice":"Forget","damage_taken":0,"max_hp_gain":0,"max_hp_loss":0,"event_name":"Living Wall","floor":7,"gold_loss":0},{"damage_healed":0,"gold_gain":0,"player_choice":"Ignored","damage_taken":0,"max_hp_gain":0,"max_hp_loss":0,"event_name":"Liars Game","floor":11,"gold_loss":0},{"damage_healed":26,"gold_gain":0,"player_choice":"Banana","damage_taken":0,"max_hp_gain":0,"max_hp_loss":0,"event_name":"Big Fish","floor":12,"gold_loss":0},{"damage_healed":0,"gold_gain":0,"player_choice":"Fought Mushrooms","damage_taken":0,"max_hp_gain":0,"max_hp_loss":0,"event_name":"Mushrooms","floor":13,"gold_loss":0},{"damage_healed":0,"gold_gain":0,"player_choice":"1 cards matched","damage_taken":0,"max_hp_gain":0,"max_hp_loss":0,"event_name":"Match and Keep!","floor":19,"gold_loss":0,"cards_obtained":["Anger"]},{"damage_healed":0,"gold_gain":0,"player_choice":"Damaged","damage_taken":8,"max_hp_gain":0,"max_hp_loss":0,"event_name":"Wheel of Change","floor":24,"gold_loss":0}],"is_beta":false,"boss_relics":[{"not_picked":["Empty Cage","Mark of Pain"],"picked":"Coffee Dripper"}],"items_purged_floors":[],"is_endless":false,"potions_floor_spawned":[2,13,16,18,20],"killed_by":"Slavers","ascension_level":12}