{"gold_per_floor":[113,38,38,49,61,61,78,78,105,133,173,193,227,291,291,379,379,396,236,245,259,259,302,77,88,88,128,128,128,128,153,153,235,235,246,280,280,303,46,89,89,131,131,150,150,170,170,181,181,181,181,181,35,79,79],"floor_reached":55,"playtime":3004,"items_purged":["Normality","Strike_R","Strike_R"],"score":1350,"play_id":"49c6c2d6-1b1f-4056-a20f-377a9d2f5320","local_time":"20231101225513","is_ascension_mode":true,"campfire_choices":[{"data":"Bash","floor":6,"key":"SMITH"},{"data":"Twin Strike","floor":8,"key":"SMITH"},{"data":"Inflame","floor":15,"key":"SMITH"},{"data":"Dark Embrace","floor":29,"key":"SMITH"},{"data":"Pommel Strike","floor":32,"key":"SMITH"},{"data":"Feed","floor":41,"key":"SMITH"},{"data":"Parasite","floor":47,"key":"PURGE"},{"floor":49,"key":"RECALL"},{"data":"True Grit","floor":52,"key":"SMITH"}],"neow_cost":"CURSE","seed_source_timestamp":1778366897761200,"circlet_count":0,"master_deck":["AscendersBane","Strike_R+1","Strike_R+1","Strike_R+1","Defend_R+1","Defend_R+1","Defend_R+1","Defend_R+1","Bash+1","Twin Strike+1","Sword Boomerang","Shrug It Off","Reaper","Shrug It Off+1","Inflame+1","Feed+1","True Grit+1","Offering","Dark Embrace+1","Battle Trance","Headbutt","Pommel Strike+1","Offering","True Grit+1","Sword Boomerang","Shrug It Off+1","Shrug It Off+1","Spot Weakness+1","Dark Embrace+1","Rupture+1"],"relics":["Burning Blood","FossilizedHelix","CeramicFish","Anchor","Pantograph","StrikeDummy","Coffee Dripper","War Paint","HornCleat","Ginger","Philosopher\u0027s Stone","TungstenRod","Paper Frog","Orichalcum","Peace Pipe","DollysMirror","Bag of Marbles"],"potions_floor_usage":[11,13,13,16,55],"damage_taken":[{"damage":0,"enemies":"Cultist","floor":1,"turns":3},{"damage":5,"enemies":"Small Slimes","floor":4,"turns":4},{"damage":0,"enemies":"Jaw Worm","floor":5,"turns":3},{"damage":0,"enemies":"Red Slaver","floor":7,"turns":3},{"damage":7,"enemies":"3 Louse","floor":10,"turns":6},{"damage":17,"enemies":"Lagavulin","floor":11,"turns":7},{"damage":12,"enemies":"Lots of Slimes","floor":12,"turns":7},{"damage":0,"enemies":"Gremlin Nob","floor":13,"turns":5},{"damage":4,"enemies":"3 Sentries","floor":14,"turns":8},{"damage":36,"enemies":"Slime Boss","floor":16,"turns":9},{"damage":0,"enemies":"Shell Parasite","floor":18,"turns":2},{"damage":24,"enemies":"2 Thieves","floor":21,"turns":4},{"damage":54,"enemies":"Book of Stabbing","floor":23,"turns":5},{"damage":0,"enemies":"Centurion and Healer","floor":25,"turns":6},{"damage":18,"enemies":"Gremlin Leader","floor":27,"turns":7},{"damage":1,"enemies":"Snake Plant","floor":31,"turns":4},{"damage":71,"enemies":"Champ","floor":33,"turns":10},{"damage":0,"enemies":"3 Shapes","floor":35,"turns":4},{"damage":11,"enemies":"Mind Bloom Boss Battle","floor":36,"turns":5},{"damage":0,"enemies":"Orb Walker","floor":38,"turns":3},{"damage":29,"enemies":"Nemesis","floor":40,"turns":7},{"damage":91,"enemies":"Reptomancer","floor":42,"turns":8},{"damage":11,"enemies":"Writhing Mass","floor":44,"turns":6},{"damage":5,"enemies":"Maw","floor":46,"turns":5},{"damage":0,"enemies":"Jaw Worm Horde","floor":48,"turns":4},{"damage":106,"enemies":"Time Eater","floor":50,"turns":10},{"damage":65,"enemies":"Shield and Spear","floor":54,"turns":7},{"damage":120,"enemies":"The Heart","floor":55,"turns":6}],"seed_played":"1968631626932587543","potions_obtained":[{"floor":5,"key":"SmokeBomb"},{"floor":7,"key":"FearPotion"},{"floor":11,"key":"Weak Potion"},{"floor":12,"key":"BlessingOfTheForge"},{"floor":13,"key":"PowerPotion"},{"floor":23,"key":"GamblersBrew"},{"floor":33,"key":"PowerPotion"}],"is_trial":false,"path_per_floor":["M","$","?","M","M","R","M","R","T","M","E","M","E","?","R","B",null,"M","$","?","M","?","E","$","M","T","E","?","R","$","M","R","B",null,"M","?","?","M","$","E","R","E","T","M","?","M","R","M","R","B",null,"R","$","E","B"],"character_chosen":"IRONCLAD","items_purchased":["Dark Embrace","FairyPotion","Paper Frog","DollysMirror"],"campfire_rested":0,"item_purchase_floors":[19,24,39,53],"current_hp_per_floor":[74,74,74,75,75,75,75,75,75,74,63,69,75,78,78,51,74,83,83,83,68,68,24,24,44,44,44,44,44,44,52,52,22,75,84,94,94,102,102,80,80,11,11,13,13,30,30,55,55,39,93,93,93,72,0],"gold":79,"neow_bonus":"ONE_RARE_RELIC","is_prod":false,"is_daily":false,"chose_seed":false,"campfire_upgraded":7,"win_rate":0,"timestamp":1698904513,"path_taken":["M","$","?","M","M","R","M","R","T","M","E","M","E","?","R","BOSS","M","$","?","?","?","E","$","?","T","E","?","R","?","M","R","BOSS","M","?","?","M","?","E","R","E","T","M","?","M","R","M","R","BOSS","R","$","E","BOSS"],"build_version":"2022-12-18","purchased_purges":3,"victory":false,"max_hp_per_floor":[75,75,75,75,75,75,75,75,75,75,75,75,75,78,78,81,81,84,84,84,87,87,87,87,90,90,90,90,90,90,93,93,93,93,96,99,99,102,102,102,102,106,106,106,106,110,107,111,111,111,111,111,111,115,115],"card_choices":[{"not_picked":["Pummel","Feel No Pain"],"picked":"Twin Strike","floor":1},{"not_picked":["Dark Embrace","Body Slam"],"picked":"Sword Boomerang","floor":4},{"not_picked":["Dropkick","Headbutt"],"picked":"Metallicize","floor":5},{"not_picked":["Rupture","Sword Boomerang"],"picked":"Shrug It Off","floor":7},{"not_picked":["Evolve","Heavy Blade"],"picked":"Reaper","floor":10},{"not_picked":["Perfected Strike","Body Slam"],"picked":"Shrug It Off","floor":11},{"not_picked":["Wild Strike","Twin Strike"],"picked":"Inflame","floor":12},{"not_picked":["Sword Boomerang","Carnage"],"picked":"Feed","floor":13},{"not_picked":["Anger","Reckless Charge"],"picked":"True Grit","floor":14},{"not_picked":["Feed","Double Tap"],"picked":"Offering","floor":16},{"not_picked":["Flex","Hemokinesis","Rage"],"picked":"SKIP","floor":18},{"not_picked":["Iron Wave","Wild Strike","Body Slam"],"picked":"SKIP","floor":21},{"not_picked":["Body Slam","Immolate"],"picked":"Battle Trance","floor":23},{"not_picked":["Perfected Strike","Flex","Warcry"],"picked":"SKIP","floor":25},{"not_picked":["Iron Wave","Perfected Strike"],"picked":"Headbutt","floor":27},{"not_picked":["Clash+1","Twin Strike"],"picked":"Pommel Strike","floor":31},{"not_picked":["Brutality","Impervious"],"picked":"Offering","floor":33},{"not_picked":["Cleave","Second Wind","Combust"],"picked":"SKIP","floor":35},{"not_picked":["Anger","Combust"],"picked":"True Grit+1","floor":36},{"not_picked":["Iron Wave","Evolve"],"picked":"Sword Boomerang","floor":38},{"not_picked":["True Grit","Bludgeon"],"picked":"Shrug It Off+1","floor":40},{"not_picked":["Wild Strike","Rampage"],"picked":"Shrug It Off+1","floor":42},{"not_picked":["Wild Strike","Armaments","Dual Wield+1"],"picked":"SKIP","floor":44},{"not_picked":["Searing Blow","Pommel Strike"],"picked":"Spot Weakness+1","floor":46},{"not_picked":["Clothesline","Reckless Charge","Fiend Fire"],"picked":"SKIP","floor":48},{"not_picked":["Cleave+1","Iron Wave"],"picked":"Rupture+1","floor":54}],"player_experience":888107,"relics_obtained":[{"floor":9,"key":"CeramicFish"},{"floor":11,"key":"Anchor"},{"floor":13,"key":"Pantograph"},{"floor":14,"key":"StrikeDummy"},{"floor":23,"key":"War Paint"},{"floor":26,"key":"HornCleat"},{"floor":27,"key":"Ginger"},{"floor":36,"key":"TungstenRod"},{"floor":40,"key":"Orichalcum"},{"floor":42,"key":"Peace Pipe"},{"floor":54,"key":"Bag of Marbles"}],"event_choices":[{"damage_healed":0,"gold_gain":0,"player_choice":"Leave","damage_taken":0,"max_hp_gain":0,"max_hp_loss":0,"event_name":"The Cleric","floor":3,"gold_loss":0},{"damage_healed":0,"gold_gain":30,"player_choice":"Searched \u00272\u0027 times","damage_taken":0,"max_hp_gain":0,"max_hp_loss":0,"event_name":"Dead Adventurer","floor":14,"gold_loss":0},{"damage_healed":0,"gold_gain":0,"player_choice":"Cursed","damage_taken":0,"max_hp_gain":0,"max_hp_loss":0,"event_name":"Wheel of Change","floor":20,"gold_loss":0,"cards_obtained":["Decay"]},{"cards_removed":["Decay"],"damage_healed":0,"gold_gain":0,"player_choice":"Purged","damage_taken":0,"max_hp_gain":0,"max_hp_loss":0,"event_name":"Purifier","floor":22,"gold_loss":0},{"damage_healed":0,"gold_gain":0,"player_choice":"Simplicity","damage_taken":0,"max_hp_gain":0,"max_hp_loss":0,"event_name":"Back to Basics","floor":28,"gold_loss":0,"cards_upgraded":["Strike_R","Strike_R","Strike_R","Defend_R","Defend_R","Defend_R"]},{"damage_healed":0,"gold_gain":0,"player_choice":"Fight","damage_taken":0,"max_hp_gain":0,"max_hp_loss":0,"event_name":"MindBloom","floor":36,"gold_loss":0},{"cards_removed":["Metallicize"],"damage_healed":0,"gold_gain":0,"player_choice":"Removed Power","damage_taken":0,"max_hp_gain":0,"max_hp_loss":0,"event_name":"Falling","floor":37,"gold_loss":0},{"damage_healed":0,"gold_gain":0,"player_choice":"Ignored","damage_taken":0,"max_hp_gain":0,"max_hp_loss":0,"event_name":"NoteForYourself","floor":45,"gold_loss":0}],"is_beta":false,"boss_relics":[{"not_picked":["Cursed Key","Astrolabe"],"picked":"Coffee Dripper"},{"not_picked":["Empty Cage","Snecko Eye"],"picked":"Philosopher\u0027s Stone"}],"items_purged_floors":[2,19,24],"is_endless":false,"potions_floor_spawned":[5,7,11,12,13,23,31,33,35,40,42,46],"killed_by":"The Heart","ascension_level":14}