{"gold_per_floor":[110,126,27,45,45,45,72,72,95,115,115,126,158,158,158,229,229,242,50,67,67,67,67,84,84,84,111,124,143,158,190,190,263,263,275,235,197,210,230,262,272,272,341,359,373,230,311,345,345,345,345,345,34,64,64],"floor_reached":56,"playtime":3917,"items_purged":["Defend_R","Searing Blow","Metallicize"],"score":2072,"play_id":"e8a1f9fa-d1c2-4b1c-bb61-910d35598ab0","local_time":"20231027194148","is_ascension_mode":true,"campfire_choices":[{"data":"Bash","floor":6,"key":"SMITH"},{"data":"Cleave","floor":8,"key":"SMITH"},{"data":"Feed","floor":11,"key":"SMITH"},{"data":"Hemokinesis","floor":15,"key":"SMITH"},{"data":"Dark Embrace","floor":23,"key":"SMITH"},{"data":"Armaments","floor":25,"key":"SMITH"},{"data":"Demon Form","floor":32,"key":"SMITH"},{"floor":42,"key":"RECALL"},{"floor":49,"key":"REST"},{"floor":52,"key":"REST"}],"neow_cost":"NONE","seed_source_timestamp":1333815554458200,"circlet_count":0,"master_deck":["AscendersBane","Bash+1","Power Through","Twin Strike","Cleave+1","Hemokinesis+1","Feed+1","Shrug It Off+1","Bludgeon+1","Pummel","Whirlwind","Shockwave+1","Power Through","Armaments+1","Brutality","Dark Embrace+1","True Grit","Warcry","Ghostly","Ghostly","Ghostly","Ghostly","Ghostly+1","Offering","Armaments+1","Shrug It Off+1","Demon Form+1","Offering","True Grit","Dark Embrace","Inflame+1","Disarm","Sword Boomerang","Shrug It Off+1","Rupture","Battle Trance"],"relics":["Burning Blood","Centennial Puzzle","Art of War","PreservedInsect","Pandora\u0027s Box","Mercury Hourglass","Happy Flower","StrikeDummy","Orichalcum","Fusion Hammer","Girya","Brimstone","Shuriken","Blue Candle","War Paint"],"potions_floor_usage":[7,16,33,40,44],"damage_taken":[{"damage":6,"enemies":"Cultist","floor":1,"turns":4},{"damage":11,"enemies":"Jaw Worm","floor":2,"turns":4},{"damage":3,"enemies":"2 Louse","floor":4,"turns":2},{"damage":14,"enemies":"Lagavulin","floor":7,"turns":7},{"damage":4,"enemies":"Looter","floor":10,"turns":3},{"damage":22,"enemies":"Exordium Thugs","floor":12,"turns":4},{"damage":18,"enemies":"Gremlin Nob","floor":13,"turns":3},{"damage":43,"enemies":"The Guardian","floor":16,"turns":12},{"damage":7,"enemies":"Chosen","floor":18,"turns":3},{"damage":12,"enemies":"Spheric Guardian","floor":20,"turns":5},{"damage":14,"enemies":"Centurion and Healer","floor":24,"turns":15},{"damage":14,"enemies":"Gremlin Leader","floor":27,"turns":5},{"damage":5,"enemies":"Snake Plant","floor":28,"turns":4},{"damage":6,"enemies":"3 Cultists","floor":29,"turns":5},{"damage":1,"enemies":"Centurion and Healer","floor":30,"turns":8},{"damage":10,"enemies":"Book of Stabbing","floor":31,"turns":6},{"damage":11,"enemies":"Champ","floor":33,"turns":8},{"damage":7,"enemies":"3 Darklings","floor":35,"turns":4},{"damage":3,"enemies":"Orb Walker","floor":38,"turns":5},{"damage":38,"enemies":"Writhing Mass","floor":39,"turns":7},{"damage":18,"enemies":"Giant Head","floor":40,"turns":7},{"damage":17,"enemies":"Maw","floor":41,"turns":6},{"damage":20,"enemies":"3 Darklings","floor":44,"turns":8},{"damage":3,"enemies":"Writhing Mass","floor":45,"turns":7},{"damage":9,"enemies":"Reptomancer","floor":48,"turns":6},{"damage":48,"enemies":"Awakened One","floor":50,"turns":9},{"damage":4,"enemies":"Shield and Spear","floor":54,"turns":5},{"damage":34,"enemies":"The Heart","floor":55,"turns":7}],"seed_played":"5086970311865264459","potions_obtained":[{"floor":1,"key":"Strength Potion"},{"floor":12,"key":"PowerPotion"},{"floor":13,"key":"EssenceOfSteel"},{"floor":20,"key":"Strength Potion"},{"floor":35,"key":"SkillPotion"},{"floor":44,"key":"SpeedPotion"}],"is_trial":false,"path_per_floor":["M","M","$","M","?","R","E","R","T","M","R","M","E","?","R","B",null,"M","$","M","T","?","R","M","R","T","E","M","M","M","E","R","B",null,"M","?","$","M","M","E","M","R","T","M","M","$","T","E","R","B",null,"R","$","E","B",null],"character_chosen":"IRONCLAD","items_purchased":["Cleave","Dark Embrace","True Grit","Dark Embrace","Brimstone","Rupture","GamblersBrew","Battle Trance"],"campfire_rested":2,"item_purchase_floors":[3,19,19,37,46,53,53,53],"current_hp_per_floor":[80,75,75,78,78,78,70,70,70,72,72,60,52,52,52,15,76,79,79,77,77,52,52,48,48,48,44,49,53,62,62,62,57,71,74,74,74,77,49,41,34,34,34,24,31,31,31,32,63,21,83,104,104,108,80],"gold":64,"neow_bonus":"TEN_PERCENT_HP_BONUS","is_prod":false,"is_daily":false,"chose_seed":false,"campfire_upgraded":7,"win_rate":0,"timestamp":1698460908,"path_taken":["M","M","$","M","?","R","E","R","T","M","R","M","E","?","R","BOSS","M","$","M","?","?","R","M","R","T","E","M","M","M","E","R","BOSS","M","?","$","M","M","E","M","R","T","M","?","$","?","E","R","BOSS","R","$","E","BOSS"],"build_version":"2022-12-18","purchased_purges":3,"victory":true,"max_hp_per_floor":[88,88,88,88,88,88,88,88,88,88,88,92,96,96,96,96,96,100,100,104,104,52,52,56,56,56,60,64,68,72,76,76,76,76,80,80,80,80,84,88,92,92,92,96,100,100,100,104,104,104,104,104,104,108,108],"card_choices":[{"not_picked":["Dropkick","Iron Wave"],"picked":"Power Through","floor":1},{"not_picked":["Sword Boomerang","Disarm"],"picked":"Twin Strike","floor":2},{"not_picked":["Body Slam","Flex"],"picked":"Metallicize","floor":4},{"not_picked":["Uppercut","Perfected Strike"],"picked":"Hemokinesis","floor":7},{"not_picked":["Uppercut","Wild Strike"],"picked":"Feed","floor":10},{"not_picked":["Flex","Thunderclap","Cleave"],"picked":"SKIP","floor":12},{"not_picked":["Perfected Strike","Havoc"],"picked":"Shrug It Off","floor":13},{"not_picked":["Juggernaut","Demon Form"],"picked":"Bludgeon","floor":16},{"not_picked":["Armaments","Twin Strike","Thunderclap"],"picked":"SKIP","floor":18},{"not_picked":["Clash","Havoc"],"picked":"Warcry","floor":20},{"not_picked":["Second Wind+1","Perfected Strike"],"picked":"Offering","floor":24},{"not_picked":["Dropkick","Combust"],"picked":"Armaments+1","floor":27},{"not_picked":["Sentinel+1","Sword Boomerang","Headbutt"],"picked":"SKIP","floor":28},{"not_picked":["Thunderclap+1","Cleave"],"picked":"Shrug It Off+1","floor":29},{"not_picked":["Havoc","Clash","Blood for Blood"],"picked":"SKIP","floor":30},{"not_picked":["Sever Soul","Dark Embrace"],"picked":"Demon Form","floor":31},{"not_picked":["Fiend Fire","Limit Break"],"picked":"Offering","floor":33},{"not_picked":["Clothesline+1","Battle Trance"],"picked":"True Grit","floor":35},{"not_picked":["Sever Soul","Perfected Strike+1","Heavy Blade"],"picked":"SKIP","floor":38},{"not_picked":["Sever Soul","Perfected Strike+1","Heavy Blade"],"picked":"SKIP","floor":38},{"not_picked":["Clash","Searing Blow","True Grit"],"picked":"SKIP","floor":39},{"not_picked":["Cleave","Ghostly Armor+1"],"picked":"Inflame+1","floor":40},{"not_picked":["Headbutt+1","True Grit","Clothesline"],"picked":"SKIP","floor":41},{"not_picked":["Clothesline","Cleave"],"picked":"Disarm","floor":44},{"not_picked":["Searing Blow","Pommel Strike+1"],"picked":"Sword Boomerang","floor":45},{"not_picked":["Armaments","Carnage"],"picked":"Shrug It Off+1","floor":48},{"not_picked":["Fiend Fire","Flame Barrier+1","Double Tap"],"picked":"SKIP","floor":54}],"player_experience":870743,"relics_obtained":[{"floor":7,"key":"Centennial Puzzle"},{"floor":9,"key":"Art of War"},{"floor":13,"key":"PreservedInsect"},{"floor":21,"key":"Mercury Hourglass"},{"floor":26,"key":"Happy Flower"},{"floor":27,"key":"StrikeDummy"},{"floor":31,"key":"Orichalcum"},{"floor":40,"key":"Girya"},{"floor":47,"key":"Shuriken"},{"floor":48,"key":"Blue Candle"},{"floor":54,"key":"War Paint"}],"event_choices":[{"damage_healed":0,"gold_gain":0,"player_choice":"Ignored","damage_taken":0,"max_hp_gain":0,"max_hp_loss":0,"event_name":"Liars Game","floor":5,"gold_loss":0},{"cards_removed":["Strike_R"],"damage_healed":0,"gold_gain":0,"player_choice":"Offered Basic","damage_taken":0,"max_hp_gain":0,"max_hp_loss":0,"event_name":"Bonfire Elementals","floor":14,"gold_loss":0},{"damage_healed":0,"gold_gain":0,"player_choice":"Became a Ghost","damage_taken":0,"max_hp_gain":0,"max_hp_loss":52,"event_name":"Ghosts","floor":22,"gold_loss":0,"cards_obtained":["Ghostly","Ghostly","Ghostly","Ghostly","Ghostly"]},{"damage_healed":0,"gold_gain":0,"player_choice":"Upgraded Two","damage_taken":0,"max_hp_gain":0,"max_hp_loss":0,"event_name":"Designer","floor":36,"gold_loss":40,"cards_upgraded":["Bludgeon","Ghostly"]}],"is_beta":false,"boss_relics":[{"not_picked":["Busted Crown","Black Star"],"picked":"Pandora\u0027s Box"},{"not_picked":["Sozu","SacredBark"],"picked":"Fusion Hammer"}],"items_purged_floors":[3,19,53],"is_endless":false,"potions_floor_spawned":[1,12,13,20,24,29,30,35,38,44],"ascension_level":13}