{"gold_per_floor":[359,259,277,289,364,364,377,389,389,420,420],"floor_reached":11,"playtime":517,"items_purged":["Decay"],"score":124,"play_id":"ed483674-426b-4a61-938e-baf09815c315","local_time":"20231025225605","is_ascension_mode":true,"campfire_choices":[{"data":"Bash","floor":6,"key":"SMITH"}],"neow_cost":"CURSE","seed_source_timestamp":1176072165973000,"circlet_count":0,"master_deck":["AscendersBane","Strike_R","Strike_R","Strike_R","Strike_R","Strike_R","Defend_R","Defend_R","Defend_R","Defend_R","Bash+1","Pommel Strike","Shrug It Off","Sword Boomerang","True Grit","Feed","Uppercut"],"relics":["Burning Blood","Pantograph"],"potions_floor_usage":[],"damage_taken":[{"damage":6,"enemies":"Small Slimes","floor":1,"turns":5},{"damage":3,"enemies":"2 Louse","floor":3,"turns":4},{"damage":2,"enemies":"Cultist","floor":4,"turns":5},{"damage":28,"enemies":"Gremlin Gang","floor":7,"turns":7},{"damage":3,"enemies":"2 Fungi Beasts","floor":8,"turns":5},{"damage":48,"enemies":"Gremlin Nob","floor":10,"turns":5},{"damage":7,"enemies":"The Mushroom Lair","floor":11,"turns":2}],"seed_played":"8873331289053558930","potions_obtained":[{"floor":1,"key":"ElixirPotion"},{"floor":3,"key":"SmokeBomb"},{"floor":10,"key":"Block Potion"}],"is_trial":false,"path_per_floor":["M","$","M","M","?","R","M","M","T","E","?"],"character_chosen":"IRONCLAD","items_purchased":["Shrug It Off"],"campfire_rested":0,"item_purchase_floors":[2],"current_hp_per_floor":[72,72,75,79,68,68,46,52,52,10,3],"gold":420,"neow_bonus":"TWO_FIFTY_GOLD","is_prod":false,"is_daily":false,"chose_seed":false,"campfire_upgraded":1,"win_rate":0,"timestamp":1698299765,"path_taken":["M","$","M","M","?","R","M","M","T","E","?"],"build_version":"2022-12-18","purchased_purges":1,"victory":false,"max_hp_per_floor":[80,80,80,80,80,80,80,83,83,83,83],"card_choices":[{"not_picked":["Flex","Sword Boomerang"],"picked":"Pommel Strike","floor":1},{"not_picked":["Heavy Blade","Power Through"],"picked":"Sword Boomerang","floor":3},{"not_picked":["Havoc","Clothesline"],"picked":"True Grit","floor":4},{"not_picked":["Power Through","Wild Strike"],"picked":"Feed","floor":7},{"not_picked":["Rage","Flex","Heavy Blade"],"picked":"SKIP","floor":8},{"not_picked":["Hemokinesis","Headbutt"],"picked":"Uppercut","floor":10}],"player_experience":870226,"relics_obtained":[{"floor":10,"key":"Pantograph"}],"event_choices":[{"damage_healed":0,"gold_gain":75,"player_choice":"Gather Gold","damage_taken":11,"max_hp_gain":0,"max_hp_loss":0,"event_name":"World of Goop","floor":5,"gold_loss":0},{"damage_healed":0,"gold_gain":0,"player_choice":"Fought Mushrooms","damage_taken":0,"max_hp_gain":0,"max_hp_loss":0,"event_name":"Mushrooms","floor":11,"gold_loss":0}],"is_beta":false,"boss_relics":[],"items_purged_floors":[2],"is_endless":false,"potions_floor_spawned":[1,3,10],"killed_by":"The Mushroom Lair","ascension_level":13}