{"gold_per_floor":[113,125,54,72,91,118,118,146,146,160,184,184,184,217,217,306,306,329,329,12,28,101,101,101,101,101,101,122,148,162,177,177,177],"floor_reached":33,"playtime":1187,"items_purged":["Strike_R"],"score":451,"play_id":"01dfdbbd-8770-4bb0-9a7c-6da46ba2d0a0","local_time":"20231101215801","is_ascension_mode":true,"campfire_choices":[{"data":"Uppercut","floor":7.0,"key":"SMITH"},{"data":"Dark Embrace","floor":12.0,"key":"SMITH"},{"floor":15.0,"key":"REST"},{"data":"Inflame","floor":23.0,"key":"SMITH"},{"data":"Bash","floor":25.0,"key":"SMITH"},{"data":"Spot Weakness","floor":27.0,"key":"SMITH"},{"data":"Armaments","floor":32,"key":"SMITH"}],"neow_cost":"NONE","seed_source_timestamp":1776737672700100,"circlet_count":0,"master_deck":["AscendersBane","Strike_R","Strike_R","Strike_R","Strike_R","Defend_R","Defend_R","Defend_R","Defend_R","Bash+1","Twin Strike","Uppercut+1","Spot Weakness+1","Inflame+1","Reckless Charge","Dark Embrace+1","Sword Boomerang+1","Pommel Strike+1","Ghostly Armor","Feed+1","Dark Embrace+1","Anger+1","Sword Boomerang+1","Armaments+1","Inflame","Offering"],"special_seed":0,"relics":["Burning Blood","Bag of Marbles","Turnip","Tiny Chest","Molten Egg 2","Odd Mushroom","Golden Idol","Shuriken","Runic Pyramid","Membership Card","Oddly Smooth Stone","StrikeDummy","Paper Frog","Pen Nib"],"potions_floor_usage":[33],"damage_taken":[{"damage":2.0,"enemies":"2 Louse","floor":1.0,"turns":3.0},{"damage":0.0,"enemies":"Small Slimes","floor":2.0,"turns":2.0},{"damage":1.0,"enemies":"Cultist","floor":4.0,"turns":3.0},{"damage":9.0,"enemies":"Looter","floor":5.0,"turns":3.0},{"damage":27.0,"enemies":"3 Sentries","floor":6.0,"turns":8.0},{"damage":25.0,"enemies":"Lagavulin","floor":8.0,"turns":5.0},{"damage":18.0,"enemies":"Exordium Wildlife","floor":10.0,"turns":4.0},{"damage":1.0,"enemies":"The Mushroom Lair","floor":11.0,"turns":2.0},{"damage":14.0,"enemies":"Gremlin Nob","floor":14.0,"turns":4.0},{"damage":20.0,"enemies":"Slime Boss","floor":16.0,"turns":7.0},{"damage":3.0,"enemies":"3 Byrds","floor":18.0,"turns":5.0},{"damage":22.0,"enemies":"Spheric Guardian","floor":21.0,"turns":5.0},{"damage":0.0,"enemies":"Cultist and Chosen","floor":28.0,"turns":3.0},{"damage":17,"enemies":"3 Cultists","floor":30,"turns":5},{"damage":9,"enemies":"Centurion and Healer","floor":31,"turns":4},{"damage":78,"enemies":"Automaton","floor":33,"turns":6}],"seed_played":"8212994532279087642","potions_obtained":[{"floor":5.0,"key":"Fire Potion"},{"floor":6.0,"key":"Explosive Potion"},{"floor":8.0,"key":"LiquidBronze"},{"floor":11.0,"key":"SteroidPotion"},{"floor":28,"key":"FearPotion"}],"is_trial":false,"path_per_floor":["M","M","$","M","M","E","R","E","T","M","?","R","?","E","R","B",null,"M","?","$","M","T","R","?","R","T","R","M","T","M","M","R","B"],"character_chosen":"IRONCLAD","items_purchased":["Spot Weakness","Membership Card","Anger+1","Sword Boomerang+1","Oddly Smooth Stone"],"campfire_rested":1,"item_purchase_floors":[3,20,20,20,20],"current_hp_per_floor":[72,75,75,75,72,51,51,32,32,20,25,25,25,17,37,23,58,65,65,65,53,53,53,39,39,39,39,49,49,42,43,43,0],"gold":177,"neow_bonus":"RANDOM_COMMON_RELIC","is_prod":false,"is_daily":false,"chose_seed":false,"campfire_upgraded":6,"win_rate":0,"timestamp":1698901081,"path_taken":["M","M","$","M","M","E","R","E","T","M","?","R","?","E","R","BOSS","M","?","$","M","?","R","?","R","T","R","?","?","M","M","R","BOSS"],"build_version":"2022-12-18","purchased_purges":1,"victory":false,"max_hp_per_floor":[75,75,75,75,75,75,75,75,75,75,75,75,69,69,69,69,69,73,73,73,77,77,77,82,82,82,82,86,86,90,94,94,94],"card_choices":[{"not_picked":["Armaments","Headbutt"],"picked":"Twin Strike","floor":1.0},{"not_picked":["Twin Strike","Sword Boomerang"],"picked":"Uppercut","floor":2.0},{"not_picked":["Havoc","Clothesline"],"picked":"Inflame","floor":4.0},{"not_picked":["Heavy Blade","Entrench","Evolve"],"picked":"SKIP","floor":5.0},{"not_picked":["Rage","Spot Weakness"],"picked":"Reckless Charge","floor":6.0},{"not_picked":["Iron Wave","Power Through"],"picked":"Dark Embrace","floor":8.0},{"not_picked":["Thunderclap+1","Clash+1"],"picked":"Sword Boomerang+1","floor":10.0},{"not_picked":["Blood for Blood+1","Sentinel"],"picked":"Pommel Strike+1","floor":11.0},{"not_picked":["Infernal Blade","Power Through"],"picked":"Ghostly Armor","floor":14.0},{"not_picked":["Juggernaut","Barricade"],"picked":"Feed+1","floor":16.0},{"not_picked":["Twin Strike+1","Entrench","Clothesline+1"],"picked":"SKIP","floor":18.0},{"not_picked":["Body Slam+1","Iron Wave+1","Rampage+1"],"picked":"SKIP","floor":21.0},{"not_picked":["Iron Wave+1","True Grit"],"picked":"Armaments","floor":28},{"not_picked":["Rampage+1","Clothesline+1"],"picked":"Inflame","floor":30},{"not_picked":["Whirlwind+1","Havoc"],"picked":"Offering","floor":31}],"player_experience":886920,"relics_obtained":[{"floor":6.0,"key":"Turnip"},{"floor":8.0,"key":"Tiny Chest"},{"floor":9.0,"key":"Molten Egg 2"},{"floor":11.0,"key":"Odd Mushroom"},{"floor":14.0,"key":"Shuriken"},{"floor":22.0,"key":"StrikeDummy"},{"floor":26.0,"key":"Paper Frog"},{"floor":29,"key":"Pen Nib"}],"event_choices":[{"damage_healed":0.0,"max_hp_gain":0.0,"max_hp_loss":0.0,"gold_gain":0.0,"event_name":"Mushrooms","player_choice":"Fought Mushrooms","floor":11.0,"gold_loss":0.0,"damage_taken":0.0},{"damage_healed":0.0,"max_hp_gain":0.0,"max_hp_loss":6.0,"gold_gain":0.0,"event_name":"Golden Idol","player_choice":"Lose Max HP","floor":13.0,"gold_loss":0.0,"damage_taken":0.0,"relics_obtained":["Golden Idol"]},{"damage_healed":0.0,"max_hp_gain":0.0,"max_hp_loss":0.0,"gold_gain":0.0,"event_name":"Duplicator","player_choice":"Copied","floor":19.0,"gold_loss":0.0,"damage_taken":0.0,"cards_obtained":["Dark Embrace"]},{"damage_healed":0.0,"max_hp_gain":5.0,"max_hp_loss":0.0,"gold_gain":0.0,"event_name":"Forgotten Altar","player_choice":"Shed Blood","floor":24.0,"gold_loss":0.0,"damage_taken":19.0}],"is_beta":false,"boss_relics":[{"not_picked":["SacredBark","Mark of Pain"],"picked":"Runic Pyramid"}],"items_purged_floors":[20],"is_endless":false,"potions_floor_spawned":[5,6,8,11,18,28,30],"killed_by":"Automaton","ascension_level":14}