{"gold_per_floor":[119,132,152,172,192,192,192,225,525,554,554,571,571,587,587,587],"floor_reached":16,"playtime":610,"items_purged":[],"score":194,"play_id":"f5c9ee37-40e1-4f19-9d4b-ab759a5f276b","local_time":"20231105120356","is_ascension_mode":true,"campfire_choices":[{"data":"True Grit","floor":6,"key":"SMITH"},{"data":"Bash","floor":11,"key":"SMITH"},{"data":"Cleave","floor":13,"key":"SMITH"},{"data":"Disarm","floor":15,"key":"SMITH"}],"neow_cost":"NONE","seed_source_timestamp":2090897801552200,"circlet_count":0,"master_deck":["AscendersBane","Strike_R+1","Strike_R","Strike_R","Strike_R+1","Strike_R","Defend_R","Defend_R","Defend_R","Defend_R","Bash+1","Wild Strike","Power Through","Cleave+1","True Grit+1","Disarm+1","Second Wind","Shrug It Off","Power Through"],"relics":["Burning Blood","Vajra","StoneCalendar","Old Coin","Unceasing Top"],"potions_floor_usage":[10,10],"damage_taken":[{"damage":4,"enemies":"Jaw Worm","floor":1,"turns":4},{"damage":7,"enemies":"Small Slimes","floor":2,"turns":3},{"damage":2,"enemies":"2 Louse","floor":3,"turns":3},{"damage":12,"enemies":"Large Slime","floor":4,"turns":5},{"damage":0,"enemies":"Gremlin Gang","floor":5,"turns":4},{"damage":27,"enemies":"3 Sentries","floor":8,"turns":7},{"damage":13,"enemies":"Gremlin Nob","floor":10,"turns":5},{"damage":22,"enemies":"Exordium Thugs","floor":12,"turns":6},{"damage":2,"enemies":"2 Fungi Beasts","floor":14,"turns":3},{"damage":37,"enemies":"The Guardian","floor":16,"turns":11}],"seed_played":"-5314542806587087713","potions_obtained":[{"floor":2,"key":"EntropicBrew"},{"floor":3,"key":"CultistPotion"}],"is_trial":false,"path_per_floor":["M","M","M","M","M","R","?","E","T","E","R","M","R","M","R","B"],"character_chosen":"IRONCLAD","items_purchased":[],"campfire_rested":0,"item_purchase_floors":[],"current_hp_per_floor":[70,69,73,67,73,73,58,37,37,30,30,14,14,18,18,0],"gold":587,"neow_bonus":"RANDOM_COMMON_RELIC","is_prod":false,"is_daily":false,"chose_seed":false,"campfire_upgraded":4,"win_rate":0,"timestamp":1699214636,"path_taken":["M","M","M","M","M","R","?","E","T","E","R","M","R","M","R","BOSS"],"build_version":"2022-12-18","purchased_purges":0,"victory":false,"max_hp_per_floor":[75,75,75,75,75,75,75,75,75,75,75,75,75,75,75,75],"card_choices":[{"not_picked":["Thunderclap","Bloodletting"],"picked":"Wild Strike","floor":1},{"not_picked":["Warcry","Sever Soul"],"picked":"Power Through","floor":2},{"not_picked":["Twin Strike","Flex"],"picked":"Cleave","floor":3},{"not_picked":["Thunderclap","Clash"],"picked":"True Grit","floor":4},{"not_picked":["Havoc","Ghostly Armor"],"picked":"Disarm","floor":5},{"not_picked":["Flex","Brutality"],"picked":"Second Wind","floor":8},{"not_picked":["Clash","Armaments"],"picked":"Shrug It Off","floor":10},{"not_picked":["Thunderclap","Pummel"],"picked":"Power Through","floor":12},{"not_picked":["Body Slam","Hemokinesis","Flex"],"picked":"SKIP","floor":14}],"player_experience":892380,"relics_obtained":[{"floor":8,"key":"StoneCalendar"},{"floor":9,"key":"Old Coin"},{"floor":10,"key":"Unceasing Top"}],"event_choices":[{"damage_healed":0,"gold_gain":0,"player_choice":"Entered Light","damage_taken":15,"max_hp_gain":0,"max_hp_loss":0,"event_name":"Shining Light","floor":7,"gold_loss":0,"cards_upgraded":["Strike_R","Strike_R"]}],"is_beta":false,"boss_relics":[],"items_purged_floors":[],"is_endless":false,"potions_floor_spawned":[2,3],"killed_by":"The Guardian","ascension_level":14}