{"gold_per_floor":[113,123,48,62,76,76,151,164,164,189,50,50,68,102,102,175,175,194,214,38,55,86,86],"floor_reached":23,"playtime":920,"items_purged":["Regret","Strike_R","Strike_R"],"score":388,"play_id":"70bea3a5-5231-41fe-9ce8-cf99833b470d","local_time":"20231105145121","is_ascension_mode":true,"campfire_choices":[{"data":"Bash","floor":6,"key":"SMITH"},{"data":"Armaments","floor":15,"key":"SMITH"}],"neow_cost":"CURSE","seed_source_timestamp":2100627397706300,"circlet_count":0,"master_deck":["AscendersBane","Strike_R","Strike_R","Strike_R","Defend_R+1","Defend_R","Defend_R+1","Defend_R","Bash+1","Hemokinesis","Pommel Strike","Hemokinesis","Pommel Strike","Fiend Fire+1","Flame Barrier","Shockwave","Armaments+1","Feed","Pommel Strike","Shrug It Off","Shrug It Off"],"relics":["Burning Blood","Champion Belt","War Paint","Vajra","Sundial","Philosopher\u0027s Stone","Red Mask"],"potions_floor_usage":[10,19,22],"damage_taken":[{"damage":4,"enemies":"Small Slimes","floor":1,"turns":4},{"damage":5,"enemies":"Cultist","floor":2,"turns":3},{"damage":9,"enemies":"2 Louse","floor":4,"turns":2},{"damage":5,"enemies":"Looter","floor":5,"turns":2},{"damage":19,"enemies":"Large Slime","floor":8,"turns":5},{"damage":6,"enemies":"3 Sentries","floor":10,"turns":9},{"damage":12,"enemies":"Lots of Slimes","floor":13,"turns":5},{"damage":18,"enemies":"Gremlin Nob","floor":14,"turns":3},{"damage":14,"enemies":"The Guardian","floor":16,"turns":11},{"damage":23,"enemies":"Spheric Guardian","floor":18,"turns":4},{"damage":10,"enemies":"2 Thieves","floor":19,"turns":3},{"damage":15,"enemies":"Snake Plant","floor":21,"turns":3},{"damage":10,"enemies":"Masked Bandits","floor":22,"turns":2},{"damage":38,"enemies":"Book of Stabbing","floor":23,"turns":5}],"seed_played":"-9012701856416833944","potions_obtained":[{"floor":2,"key":"HeartOfIron"},{"floor":14,"key":"AttackPotion"},{"floor":16,"key":"Swift Potion"},{"floor":19,"key":"BloodPotion"}],"is_trial":false,"path_per_floor":["M","M","$","M","M","R","?","M","T","E","$","?","M","E","R","B",null,"M","M","$","M","?","E"],"character_chosen":"IRONCLAD","items_purchased":["Flame Barrier","Shrug It Off"],"campfire_rested":0,"item_purchase_floors":[11,20],"current_hp_per_floor":[70,71,71,68,69,69,62,49,49,49,49,49,43,31,31,23,62,45,45,45,36,35,0],"gold":86,"neow_bonus":"ONE_RARE_RELIC","is_prod":false,"is_daily":false,"chose_seed":false,"campfire_upgraded":2,"win_rate":0,"timestamp":1699224681,"path_taken":["M","M","$","M","M","R","?","?","T","E","$","?","?","E","R","BOSS","M","M","$","M","?","E"],"build_version":"2022-12-18","purchased_purges":3,"victory":false,"max_hp_per_floor":[75,75,75,75,75,75,75,75,75,75,75,75,75,75,75,75,75,75,79,79,79,82,82],"card_choices":[{"not_picked":["Wild Strike","Rupture"],"picked":"Hemokinesis","floor":1},{"not_picked":["Anger","Fire Breathing"],"picked":"Pommel Strike","floor":2},{"not_picked":["Sever Soul","Flex"],"picked":"Hemokinesis","floor":4},{"not_picked":["Hemokinesis","Heavy Blade"],"picked":"Pommel Strike","floor":5},{"not_picked":["Body Slam","Flex","Cleave"],"picked":"SKIP","floor":8},{"not_picked":["Heavy Blade","Entrench"],"picked":"Fiend Fire","floor":10},{"not_picked":["Sword Boomerang","Iron Wave","Shockwave"],"picked":"SKIP","floor":13},{"not_picked":["Sword Boomerang","Iron Wave"],"picked":"Shockwave","floor":13},{"not_picked":["Heavy Blade","Sword Boomerang"],"picked":"Armaments","floor":14},{"not_picked":["Demon Form","Offering"],"picked":"Feed","floor":16},{"not_picked":["Perfected Strike","Thunderclap"],"picked":"Pommel Strike","floor":18},{"not_picked":["Sever Soul","True Grit","Warcry"],"picked":"SKIP","floor":19},{"not_picked":["Flex","Clash","Sever Soul"],"picked":"SKIP","floor":21},{"not_picked":["Dual Wield","Heavy Blade+1"],"picked":"Shrug It Off","floor":22}],"player_experience":892990,"relics_obtained":[{"floor":9,"key":"War Paint"},{"floor":10,"key":"Vajra"},{"floor":14,"key":"Sundial"},{"floor":22,"key":"Red Mask"}],"event_choices":[{"damage_healed":0,"gold_gain":75,"player_choice":"Touch","damage_taken":7,"max_hp_gain":0,"max_hp_loss":0,"event_name":"FaceTrader","floor":7,"gold_loss":0},{"damage_healed":0,"gold_gain":0,"player_choice":"Upgraded","damage_taken":0,"max_hp_gain":0,"max_hp_loss":0,"event_name":"Upgrade Shrine","floor":12,"gold_loss":0,"cards_upgraded":["Fiend Fire"]},{"damage_healed":0,"gold_gain":0,"player_choice":"Fought Bandits","damage_taken":0,"max_hp_gain":0,"max_hp_loss":0,"event_name":"Masked Bandits","floor":22,"gold_loss":0}],"is_beta":false,"boss_relics":[{"not_picked":["Mark of Pain","SlaversCollar"],"picked":"Philosopher\u0027s Stone"}],"items_purged_floors":[3,11,20],"is_endless":false,"potions_floor_spawned":[2,14,16,19],"killed_by":"Book of Stabbing","ascension_level":14}