{"gold_per_floor":[111,130,80,53,70,70,101,101,128,128,159,179,192,233,233,324,324,337,352,153,178,178,178,197,197,220,250,250,278,289,289,289,289],"floor_reached":33,"playtime":1269,"items_purged":["Bash"],"score":604,"play_id":"335286c6-f6c3-4fe0-8678-6b29a3707b61","local_time":"20231104135736","is_ascension_mode":true,"campfire_choices":[{"data":"Perfected Strike","floor":6.0,"key":"SMITH"},{"data":"Perfected Strike","floor":8.0,"key":"SMITH"},{"data":"Flame Barrier","floor":15.0,"key":"SMITH"},{"data":"Feed","floor":23.0,"key":"SMITH"},{"data":"Pommel Strike","floor":25.0,"key":"SMITH"},{"data":"Trip","floor":28.0,"key":"SMITH"},{"data":"Inflame","floor":32,"key":"SMITH"}],"neow_cost":"TEN_PERCENT_HP_LOSS","seed_source_timestamp":2007041160016200,"circlet_count":0,"master_deck":["AscendersBane","Strike_R","Strike_R","Strike_R","Strike_R","Strike_R","Defend_R","Defend_R","Defend_R","Flame Barrier+1","Perfected Strike+1","Perfected Strike+1","Shrug It Off","Hemokinesis","Bloodletting","Twin Strike","Shrug It Off","Feed+1","Pommel Strike+1","Inflame+1","Battle Trance","Trip+1","Hemokinesis"],"special_seed":0,"relics":["Burning Blood","Thread and Needle","Happy Flower","Art of War","Bloody Idol","Boot","Mummified Hand","Runic Cube","Ice Cream","Nunchaku"],"potions_floor_usage":[33],"damage_taken":[{"damage":3.0,"enemies":"Small Slimes","floor":1.0,"turns":4.0},{"damage":0.0,"enemies":"Jaw Worm","floor":2.0,"turns":5.0},{"damage":0.0,"enemies":"2 Louse","floor":5.0,"turns":2.0},{"damage":25.0,"enemies":"Gremlin Nob","floor":7.0,"turns":4.0},{"damage":15.0,"enemies":"3 Sentries","floor":11.0,"turns":5.0},{"damage":3.0,"enemies":"Gremlin Gang","floor":12.0,"turns":7.0},{"damage":3.0,"enemies":"Blue Slaver","floor":13.0,"turns":3.0},{"damage":11.0,"enemies":"Gremlin Nob","floor":14.0,"turns":3.0},{"damage":2.0,"enemies":"Slime Boss","floor":16.0,"turns":6.0},{"damage":3.0,"enemies":"3 Byrds","floor":18.0,"turns":2.0},{"damage":5.0,"enemies":"Chosen","floor":19.0,"turns":3.0},{"damage":15.0,"enemies":"Shelled Parasite and Fungi","floor":21.0,"turns":4.0},{"damage":17.0,"enemies":"3 Cultists","floor":24.0,"turns":6.0},{"damage":41.0,"enemies":"Gremlin Leader","floor":27.0,"turns":9.0},{"damage":13.0,"enemies":"Slavers","floor":29.0,"turns":6.0},{"damage":27.0,"enemies":"Snake Plant","floor":30.0,"turns":3.0},{"damage":77,"enemies":"Automaton","floor":33,"turns":6}],"seed_played":"-5619746799962652797","potions_obtained":[{"floor":7.0,"key":"DistilledChaos"},{"floor":11.0,"key":"Ancient Potion"},{"floor":14.0,"key":"Swift Potion"},{"floor":16.0,"key":"Weak Potion"},{"floor":18.0,"key":"Regen Potion"},{"floor":19.0,"key":"AttackPotion"},{"floor":24.0,"key":"Strength Potion"}],"is_trial":false,"path_per_floor":["M","M","?","$","M","R","E","R","T","?","E","M","M","E","R","B",null,"M","M","$","M","?","R","M","R","T","E","R","E","M","?","R","B"],"character_chosen":"IRONCLAD","items_purchased":["Perfected Strike","Battle Trance","Trip"],"campfire_rested":0,"item_purchase_floors":[4,20,20],"current_hp_per_floor":[68,68,68,68,68,68,49,49,49,32,23,26,29,24,24,28,58,61,62,62,56,56,56,54,54,59,33,33,50,34,61,61,0],"gold":289,"neow_bonus":"ONE_RARE_RELIC","is_prod":false,"is_daily":false,"chose_seed":false,"campfire_upgraded":7,"win_rate":0,"timestamp":1699131456,"path_taken":["M","M","?","$","M","R","E","R","T","?","E","M","M","E","R","BOSS","M","M","$","M","?","R","M","R","T","E","R","E","M","?","R","BOSS"],"build_version":"2022-12-18","purchased_purges":1,"victory":false,"max_hp_per_floor":[68,68,68,68,68,68,68,68,68,68,68,68,68,68,68,68,68,68,68,68,71,71,71,75,75,75,79,79,83,83,83,83,83],"card_choices":[{"not_picked":["Armaments","Warcry"],"picked":"Flame Barrier","floor":1.0},{"not_picked":["Ghostly Armor","Flex"],"picked":"Perfected Strike","floor":2.0},{"not_picked":["Clash","Rampage"],"picked":"Shrug It Off","floor":5.0},{"not_picked":["Flame Barrier","True Grit"],"picked":"Hemokinesis","floor":7.0},{"not_picked":["Disarm","Wild Strike"],"picked":"Bloodletting","floor":11.0},{"not_picked":["Iron Wave","Wild Strike","Body Slam"],"picked":"SKIP","floor":12.0},{"not_picked":["Bludgeon","Dual Wield"],"picked":"Twin Strike","floor":13.0},{"not_picked":["Power Through","Wild Strike"],"picked":"Shrug It Off","floor":14.0},{"not_picked":["Limit Break","Double Tap"],"picked":"Feed","floor":16.0},{"not_picked":["Flex","Cleave"],"picked":"Pommel Strike","floor":18.0},{"not_picked":["Twin Strike","Headbutt"],"picked":"Inflame","floor":19.0},{"not_picked":["Ghostly Armor","Warcry","Clothesline"],"picked":"SKIP","floor":21.0},{"not_picked":["Reckless Charge","Wild Strike","Sentinel"],"picked":"SKIP","floor":24.0},{"not_picked":["Clothesline","Whirlwind"],"picked":"Hemokinesis","floor":27.0},{"not_picked":["Sever Soul","Body Slam","Infernal Blade"],"picked":"SKIP","floor":29.0},{"not_picked":["Iron Wave","Anger+1","Wild Strike"],"picked":"SKIP","floor":30.0}],"player_experience":891111,"relics_obtained":[{"floor":7.0,"key":"Happy Flower"},{"floor":9.0,"key":"Art of War"},{"floor":11.0,"key":"Boot"},{"floor":14.0,"key":"Mummified Hand"},{"floor":27.0,"key":"Ice Cream"},{"floor":29.0,"key":"Nunchaku"}],"event_choices":[{"cards_removed":["Defend_R"],"damage_healed":0.0,"max_hp_gain":0.0,"max_hp_loss":0.0,"gold_gain":0.0,"event_name":"The Cleric","player_choice":"Card Removal","floor":3.0,"gold_loss":50.0,"damage_taken":0.0},{"damage_healed":0.0,"max_hp_gain":0.0,"max_hp_loss":0.0,"gold_gain":0.0,"event_name":"Golden Idol","player_choice":"Take Damage","floor":10.0,"gold_loss":0.0,"damage_taken":17.0,"relics_obtained":["Golden Idol"]},{"damage_healed":0.0,"max_hp_gain":0.0,"max_hp_loss":0.0,"gold_gain":0.0,"event_name":"Forgotten Altar","player_choice":"Gave Idol","floor":22.0,"relics_lost":["Golden Idol"],"gold_loss":0.0,"damage_taken":0.0,"relics_obtained":["Bloody Idol"]},{"damage_healed":27.0,"max_hp_gain":0.0,"max_hp_loss":0.0,"gold_gain":0.0,"event_name":"The Library","player_choice":"Heal","floor":31.0,"gold_loss":0.0,"damage_taken":0.0}],"is_beta":false,"boss_relics":[{"not_picked":["Empty Cage","Runic Pyramid"],"picked":"Runic Cube"}],"items_purged_floors":[20],"is_endless":false,"potions_floor_spawned":[7,11,14,16,18,19,24],"killed_by":"Automaton","ascension_level":14}