{"gold_per_floor":[115,132,143,154,165,165,195,195,218,237,262,212,162,192,192,264,264,274,274,291,306,30,30,48,78,78,78,96,96,96,122,122,198,198,209,209,221,233,57,85,85,111,111,138,33,61,74,92,92,92,92,92,42,74,74],"floor_reached":56,"playtime":2986,"items_purged":["Defend_R","Strike_R","Bash","Iron Wave"],"score":2658,"play_id":"75e840d8-3b83-4d88-a0dd-be64427e3392","local_time":"20231111021244","is_ascension_mode":true,"campfire_choices":[{"data":"Armaments","floor":6,"key":"SMITH"},{"data":"Whirlwind","floor":8,"key":"SMITH"},{"data":"Dark Embrace","floor":15,"key":"SMITH"},{"data":"Flame Barrier","floor":23,"key":"SMITH"},{"data":"Feel No Pain","floor":27,"key":"SMITH"},{"data":"Offering","floor":32,"key":"SMITH"},{"floor":41,"key":"RECALL"},{"data":"Sentinel","floor":49,"key":"SMITH"},{"data":"Sentinel","floor":52,"key":"SMITH"}],"neow_cost":"TEN_PERCENT_HP_LOSS","seed_source_timestamp":2571453109446200,"circlet_count":0,"master_deck":["AscendersBane","Defend_R","Whirlwind+1","Armaments+1","Flame Barrier+1","Shockwave","Pommel Strike","Offering+1","Reaper","Dark Embrace+1","Limit Break","Sever Soul","Sentinel+1","Feel No Pain+1","Sever Soul","Body Slam","Barricade","Sentinel+1","Intimidate","Dark Embrace","Corruption","Exhume","Shrug It Off","Disarm","Offering","Fiend Fire"],"relics":["Burning Blood","Dead Branch","Omamori","Smiling Mask","PreservedInsect","Snecko Eye","Orrery","Bottled Lightning","Centennial Puzzle","Necronomicon","Tiny Chest","Coffee Dripper","Akabeko","Potion Belt","Eternal Feather","Torii","Bag of Preparation","Gremlin Horn"],"potions_floor_usage":[7,16,55,55,55,55,55,55,55],"damage_taken":[{"damage":1,"enemies":"Cultist","floor":1,"turns":4},{"damage":4,"enemies":"Jaw Worm","floor":2,"turns":4},{"damage":1,"enemies":"Small Slimes","floor":3,"turns":4},{"damage":4,"enemies":"Red Slaver","floor":4,"turns":7},{"damage":3,"enemies":"Looter","floor":5,"turns":5},{"damage":15,"enemies":"3 Sentries","floor":7,"turns":3},{"damage":0,"enemies":"Lots of Slimes","floor":10,"turns":1},{"damage":12,"enemies":"Gremlin Nob","floor":11,"turns":4},{"damage":9,"enemies":"Lagavulin","floor":14,"turns":6},{"damage":52,"enemies":"The Guardian","floor":16,"turns":13},{"damage":7,"enemies":"Chosen","floor":18,"turns":5},{"damage":1,"enemies":"3 Byrds","floor":20,"turns":4},{"damage":6,"enemies":"Snecko","floor":21,"turns":2},{"damage":6,"enemies":"Snake Plant","floor":24,"turns":2},{"damage":9,"enemies":"Gremlin Leader","floor":25,"turns":3},{"damage":15,"enemies":"3 Cultists","floor":28,"turns":2},{"damage":9,"enemies":"Book of Stabbing","floor":31,"turns":3},{"damage":12,"enemies":"Collector","floor":33,"turns":1},{"damage":6,"enemies":"3 Shapes","floor":35,"turns":1},{"damage":6,"enemies":"3 Darklings","floor":37,"turns":2},{"damage":10,"enemies":"4 Shapes","floor":38,"turns":2},{"damage":12,"enemies":"Reptomancer","floor":40,"turns":1},{"damage":12,"enemies":"Giant Head","floor":42,"turns":2},{"damage":6,"enemies":"Reptomancer","floor":44,"turns":2},{"damage":6,"enemies":"Giant Head","floor":46,"turns":1},{"damage":18,"enemies":"Transient","floor":47,"turns":3},{"damage":6,"enemies":"Maw","floor":48,"turns":3},{"damage":15,"enemies":"Donu and Deca","floor":50,"turns":1},{"damage":6,"enemies":"Shield and Spear","floor":54,"turns":1},{"damage":6,"enemies":"The Heart","floor":55,"turns":3}],"seed_played":"7373455091674776618","potions_obtained":[{"floor":2,"key":"Fire Potion"},{"floor":3,"key":"SteroidPotion"},{"floor":7,"key":"EssenceOfSteel"},{"floor":14,"key":"GamblersBrew"},{"floor":18,"key":"FearPotion"},{"floor":33,"key":"Energy Potion"},{"floor":42,"key":"HeartOfIron"},{"floor":44,"key":"BlessingOfTheForge"},{"floor":47,"key":"EntropicBrew"}],"is_trial":false,"path_per_floor":["M","M","M","M","M","R","E","R","T","M","E","?","$","E","R","B",null,"M","?","M","M","$","R","M","E","T","R","M","?","?","E","R","B",null,"M","?","M","M","$","E","R","E","T","E","?","E","M","M","R","B",null,"R","$","E","B",null],"character_chosen":"IRONCLAD","items_purchased":["Feel No Pain","Orrery","Shrug It Off","Disarm"],"campfire_rested":0,"item_purchase_floors":[22,22,39,39],"current_hp_per_floor":[68,68,68,68,68,68,59,59,59,65,59,59,59,56,56,16,55,60,60,68,68,68,68,68,68,68,68,59,59,43,46,46,52,64,68,68,68,64,64,68,68,62,62,62,62,68,62,62,68,68,68,68,68,68,68],"gold":74,"neow_bonus":"TRANSFORM_TWO_CARDS","is_prod":false,"is_daily":false,"chose_seed":false,"campfire_upgraded":8,"win_rate":0,"timestamp":1699697564,"path_taken":["M","M","M","M","M","R","E","R","T","M","E","?","$","E","R","BOSS","M","?","?","M","$","R","M","E","T","R","M","?","?","E","R","BOSS","M","?","M","?","$","E","R","E","T","E","?","E","M","M","R","BOSS","R","$","E","BOSS"],"build_version":"2022-12-18","purchased_purges":4,"victory":true,"max_hp_per_floor":[68,68,68,68,68,68,68,68,68,68,68,68,68,68,68,68,68,68,68,68,68,68,68,68,68,68,68,68,68,68,68,68,68,68,68,68,68,68,68,68,68,68,68,68,68,68,68,68,68,68,68,68,68,68,68],"card_choices":[{"not_picked":["Heavy Blade","Flex"],"picked":"Armaments","floor":1},{"not_picked":["Rupture","Warcry"],"picked":"Flame Barrier","floor":2},{"not_picked":["Clothesline","Pummel"],"picked":"Shockwave","floor":3},{"not_picked":["Flex","Twin Strike","Iron Wave"],"picked":"SKIP","floor":4},{"not_picked":["Wild Strike","Warcry"],"picked":"Pommel Strike","floor":5},{"not_picked":["Thunderclap","Warcry"],"picked":"Offering","floor":7},{"not_picked":["Twin Strike","Infernal Blade","Sever Soul"],"picked":"SKIP","floor":10},{"not_picked":["Bloodletting","Evolve"],"picked":"Reaper","floor":11},{"not_picked":["Blood for Blood","Iron Wave"],"picked":"Dark Embrace","floor":14},{"not_picked":["Juggernaut","Bludgeon"],"picked":"Limit Break","floor":16},{"not_picked":["Pummel","Iron Wave","Clothesline"],"picked":"SKIP","floor":18},{"not_picked":["Clash","Burning Pact"],"picked":"Sever Soul","floor":20},{"not_picked":["True Grit","Iron Wave"],"picked":"Sentinel","floor":21},{"not_picked":["Sentinel","Clash"],"picked":"Sever Soul","floor":22},{"not_picked":["Dropkick","Wild Strike"],"picked":"Body Slam","floor":22},{"not_picked":["Infernal Blade+1","Twin Strike","Shrug It Off"],"picked":"SKIP","floor":24},{"not_picked":["Searing Blow","Clothesline"],"picked":"Barricade","floor":25},{"not_picked":["Clash","Sword Boomerang"],"picked":"Sentinel","floor":28},{"not_picked":["Metallicize+1","Sever Soul"],"picked":"Corruption","floor":31},{"not_picked":["Juggernaut","Berserk"],"picked":"Exhume","floor":33},{"not_picked":["Dropkick","Havoc+1","Clash"],"picked":"SKIP","floor":35},{"not_picked":["Sword Boomerang","Rupture","Clash"],"picked":"SKIP","floor":37},{"not_picked":["Perfected Strike","Anger","Shockwave"],"picked":"SKIP","floor":38},{"not_picked":["Clothesline+1","Rampage","Anger+1"],"picked":"SKIP","floor":40},{"not_picked":["Wild Strike","Perfected Strike+1","Infernal Blade"],"picked":"SKIP","floor":42},{"not_picked":["Twin Strike","Seeing Red"],"picked":"Offering","floor":44},{"not_picked":["Pommel Strike+1","Thunderclap","Carnage+1"],"picked":"SKIP","floor":46},{"not_picked":["Clash","Clothesline","Body Slam"],"picked":"SKIP","floor":47},{"not_picked":["Warcry","Rampage+1"],"picked":"Fiend Fire","floor":48},{"not_picked":["Dark Embrace","Wild Strike","Pommel Strike"],"picked":"SKIP","floor":54}],"player_experience":897049,"relics_obtained":[{"floor":7,"key":"Dead Branch"},{"floor":9,"key":"Omamori"},{"floor":11,"key":"Smiling Mask"},{"floor":14,"key":"PreservedInsect"},{"floor":25,"key":"Bottled Lightning"},{"floor":26,"key":"Centennial Puzzle"},{"floor":30,"key":"Necronomicon"},{"floor":31,"key":"Tiny Chest"},{"floor":40,"key":"Akabeko"},{"floor":42,"key":"Potion Belt"},{"floor":44,"key":"Eternal Feather"},{"floor":46,"key":"Bag of Preparation"},{"floor":54,"key":"Gremlin Horn"}],"event_choices":[{"cards_removed":["Strike_R"],"damage_healed":0,"gold_gain":0,"player_choice":"Card Removal","damage_taken":0,"max_hp_gain":0,"max_hp_loss":0,"event_name":"The Cleric","floor":12,"gold_loss":50},{"damage_healed":0,"gold_gain":0,"player_choice":"Bought 0 Potions","damage_taken":0,"max_hp_gain":0,"max_hp_loss":0,"event_name":"The Woman in Blue","floor":19,"gold_loss":0},{"damage_healed":0,"gold_gain":0,"cards_transformed":["Strike_R","Defend_R"],"player_choice":"Became Test Subject","damage_taken":0,"max_hp_gain":0,"max_hp_loss":0,"event_name":"Drug Dealer","floor":29,"gold_loss":0,"cards_obtained":["Intimidate","Dark Embrace"]},{"damage_healed":0,"gold_gain":0,"player_choice":"Obtained Book","damage_taken":16,"max_hp_gain":0,"max_hp_loss":0,"event_name":"Cursed Tome","floor":30,"gold_loss":0},{"cards_removed":["Defend_R"],"damage_healed":0,"gold_gain":0,"player_choice":"Card Removal","damage_taken":0,"max_hp_gain":0,"max_hp_loss":0,"event_name":"Wheel of Change","floor":36,"gold_loss":0},{"damage_healed":0,"gold_gain":0,"player_choice":"Paid Gold","damage_taken":0,"relics_obtained":["Torii"],"max_hp_gain":0,"max_hp_loss":0,"event_name":"WeMeetAgain","floor":45,"gold_loss":105}],"is_beta":false,"boss_relics":[{"not_picked":["Runic Pyramid","Pandora\u0027s Box"],"picked":"Snecko Eye"},{"not_picked":["Runic Dome","Astrolabe"],"picked":"Coffee Dripper"}],"items_purged_floors":[13,22,39,53],"is_endless":false,"potions_floor_spawned":[2,3,7,11,14,18,21,24,33,37,42,44,47,48],"ascension_level":14}