{"gold_per_floor":[116,116,129,148,161,161,186,186,258,268,268],"floor_reached":11,"playtime":321,"items_purged":[],"score":131,"play_id":"8b663951-0830-447f-92bf-c3d769d404ca","local_time":"20231121224313","is_ascension_mode":true,"campfire_choices":[{"data":"Bludgeon","floor":6,"key":"SMITH"}],"neow_cost":"PERCENT_DAMAGE","seed_source_timestamp":568594247026900,"circlet_count":0,"master_deck":["AscendersBane","Strike_R","Strike_R","Strike_R","Strike_R","Defend_R","Defend_R","Defend_R","Defend_R","Bash","Bludgeon+1","Headbutt","True Grit","Exhume","Disarm","Double Tap","True Grit+1"],"relics":["Burning Blood","Peace Pipe","Toxic Egg 2"],"potions_floor_usage":[7,10,11],"damage_taken":[{"damage":10,"enemies":"Small Slimes","floor":1,"turns":3},{"damage":1,"enemies":"Cultist","floor":3,"turns":3},{"damage":0,"enemies":"Jaw Worm","floor":4,"turns":3},{"damage":15,"enemies":"Red Slaver","floor":5,"turns":4},{"damage":31,"enemies":"Lagavulin","floor":7,"turns":7},{"damage":15,"enemies":"3 Louse","floor":10,"turns":4},{"damage":19,"enemies":"Lots of Slimes","floor":11,"turns":3}],"seed_played":"-7370706562426598698","potions_obtained":[{"floor":5,"key":"Weak Potion"},{"floor":7,"key":"Energy Potion"},{"floor":10,"key":"SpeedPotion"}],"is_trial":false,"path_per_floor":["M","?","M","M","M","R","E","?","T","M","M"],"character_chosen":"IRONCLAD","items_purchased":[],"campfire_rested":0,"item_purchase_floors":[],"current_hp_per_floor":[46,46,51,57,48,48,23,23,23,14,0],"gold":268,"neow_bonus":"THREE_RARE_CARDS","is_prod":false,"is_daily":false,"chose_seed":false,"campfire_upgraded":1,"win_rate":0,"timestamp":1700635393,"path_taken":["M","?","M","M","?","R","E","?","T","M","M"],"build_version":"2022-12-18","purchased_purges":0,"victory":false,"max_hp_per_floor":[75,75,75,75,75,75,75,75,75,75,75],"card_choices":[{"not_picked":["Brutality","Barricade"],"picked":"Bludgeon","floor":0},{"not_picked":["Wild Strike","Perfected Strike"],"picked":"Headbutt","floor":1},{"not_picked":["Heavy Blade","Havoc"],"picked":"True Grit","floor":3},{"not_picked":["Cleave","Searing Blow","Carnage"],"picked":"SKIP","floor":4},{"not_picked":["Body Slam","Heavy Blade"],"picked":"Exhume","floor":5},{"not_picked":["Cleave","Anger"],"picked":"Disarm","floor":7},{"not_picked":["Clothesline","Feel No Pain"],"picked":"True Grit+1","floor":10}],"player_experience":917881,"relics_obtained":[{"floor":7,"key":"Peace Pipe"},{"floor":9,"key":"Toxic Egg 2"}],"event_choices":[{"cards_removed":["Strike_R"],"damage_healed":0,"gold_gain":0,"player_choice":"Purged","damage_taken":0,"max_hp_gain":0,"max_hp_loss":0,"event_name":"Purifier","floor":2,"gold_loss":0},{"damage_healed":0,"gold_gain":0,"player_choice":"1 cards matched","damage_taken":0,"max_hp_gain":0,"max_hp_loss":0,"event_name":"Match and Keep!","floor":8,"gold_loss":0,"cards_obtained":["Double Tap"]}],"is_beta":false,"boss_relics":[],"items_purged_floors":[],"is_endless":false,"potions_floor_spawned":[5,7,10],"killed_by":"Lots of Slimes","ascension_level":15}