{"gold_per_floor":[118,137,212,230,248,281,281,312,335,335,351,152,163,183,183,255,255,271,271,290,290,307,340,340,359,386,97,97,128,3,14,14,86,86,97,115,89,107,107,133,133,158,206,206,216,230,244,278,278,278,278,278,36,70,70],"floor_reached":56,"playtime":3220,"items_purged":["Defend_R","Strike_R","Strike_R","Searing Blow"],"score":2016,"play_id":"338f5fd2-d1d0-4ac1-bfe5-99b9363ef15c","local_time":"20231123224115","is_ascension_mode":true,"campfire_choices":[{"data":"Inflame","floor":7,"key":"SMITH"},{"data":"Sword Boomerang","floor":10,"key":"SMITH"},{"data":"Body Slam","floor":15,"key":"SMITH"},{"floor":24,"key":"REST"},{"floor":32,"key":"REST"},{"floor":41,"key":"RECALL"},{"floor":49,"key":"REST"},{"floor":52,"key":"REST"}],"neow_cost":"NONE","seed_source_timestamp":738362048024900,"circlet_count":0,"master_deck":["AscendersBane","Bash","Shockwave","Inflame+1","Sword Boomerang+1","Iron Wave","Warcry+1","Impervious+1","Sentinel+1","True Grit+1","Pummel","Body Slam+1","Disarm+1","Limit Break+1","Spot Weakness+1","Ghostly Armor+1","Power Through+1","Shrug It Off+1","Warcry+1","Pommel Strike","Burning Pact+1","Reaper","Body Slam","Shrug It Off+1","Ghostly Armor+1","Twin Strike","Hemokinesis","Sentinel+1","Shrug It Off+1","Feel No Pain","Deep Breath+1","Deep Breath+1","Chrysalis+1","Warcry+1","Flex+1","True Grit+1","Shockwave+1"],"relics":["Burning Blood","Toxic Egg 2","Oddly Smooth Stone","Nunchaku","Fusion Hammer","Vajra","Strawberry","Medical Kit","Bag of Preparation","Pandora\u0027s Box","Happy Flower","PreservedInsect","Pear","Gremlin Horn"],"potions_floor_usage":[6,8,16,16,23,33,55,55],"damage_taken":[{"damage":6,"enemies":"Cultist","floor":1,"turns":4},{"damage":5,"enemies":"2 Louse","floor":2,"turns":5},{"damage":3,"enemies":"Small Slimes","floor":4,"turns":5},{"damage":8,"enemies":"Blue Slaver","floor":5,"turns":6},{"damage":32,"enemies":"Lagavulin","floor":6,"turns":10},{"damage":25,"enemies":"3 Sentries","floor":8,"turns":5},{"damage":2,"enemies":"Looter","floor":11,"turns":5},{"damage":4,"enemies":"Gremlin Gang","floor":13,"turns":6},{"damage":4,"enemies":"3 Louse","floor":14,"turns":4},{"damage":6,"enemies":"Hexaghost","floor":16,"turns":10},{"damage":16,"enemies":"Shell Parasite","floor":18,"turns":5},{"damage":16,"enemies":"2 Thieves","floor":20,"turns":4},{"damage":23,"enemies":"Chosen and Byrds","floor":22,"turns":7},{"damage":25,"enemies":"Slavers","floor":23,"turns":5},{"damage":1,"enemies":"Snake Plant","floor":25,"turns":3},{"damage":14,"enemies":"Gremlin Leader","floor":29,"turns":8},{"damage":2,"enemies":"Shelled Parasite and Fungi","floor":31,"turns":3},{"damage":28,"enemies":"Champ","floor":33,"turns":7},{"damage":0,"enemies":"Orb Walker","floor":35,"turns":3},{"damage":0,"enemies":"3 Shapes","floor":36,"turns":2},{"damage":17,"enemies":"Maw","floor":38,"turns":7},{"damage":4,"enemies":"Nemesis","floor":40,"turns":7},{"damage":27,"enemies":"Reptomancer","floor":42,"turns":6},{"damage":3,"enemies":"4 Shapes","floor":45,"turns":4},{"damage":3,"enemies":"Spire Growth","floor":46,"turns":6},{"damage":26,"enemies":"Writhing Mass","floor":47,"turns":6},{"damage":6,"enemies":"Nemesis","floor":48,"turns":5},{"damage":73,"enemies":"Donu and Deca","floor":50,"turns":7},{"damage":31,"enemies":"Shield and Spear","floor":54,"turns":5},{"damage":101,"enemies":"The Heart","floor":55,"turns":10}],"seed_played":"4589434123413359569","potions_obtained":[{"floor":1,"key":"Strength Potion"},{"floor":4,"key":"ColorlessPotion"},{"floor":8,"key":"Swift Potion"},{"floor":14,"key":"EssenceOfSteel"},{"floor":22,"key":"Explosive Potion"},{"floor":25,"key":"CultistPotion"},{"floor":29,"key":"FearPotion"},{"floor":31,"key":"PowerPotion"},{"floor":35,"key":"Energy Potion"},{"floor":40,"key":"LiquidMemories"}],"is_trial":false,"path_per_floor":["M","M","?","M","M","E","R","E","T","R","M","$","M","M","R","B",null,"M","?","M","?","M","E","R","M","T","$","?","E","$","M","R","B",null,"M","M","$","M","?","E","R","E","T","?","M","M","M","E","R","B",null,"R","$","E","B",null],"character_chosen":"IRONCLAD","items_purchased":["True Grit+1","Pummel","Medical Kit","Warcry+1","Shrug It Off+1","True Grit+1","Shockwave+1"],"campfire_rested":4,"item_purchase_floors":[12,12,27,27,37,53,53],"current_hp_per_floor":[75,76,65,68,66,40,40,21,21,21,25,25,27,29,29,29,69,59,59,49,49,32,13,37,42,49,49,23,15,15,19,47,25,77,94,94,94,94,84,86,86,79,79,79,82,94,86,104,104,65,94,104,104,88,51],"gold":70,"neow_bonus":"TEN_PERCENT_HP_BONUS","is_prod":false,"is_daily":false,"chose_seed":false,"campfire_upgraded":3,"win_rate":0,"timestamp":1700808075,"path_taken":["M","M","?","M","M","E","R","E","T","R","M","$","M","M","R","BOSS","M","?","M","?","M","E","R","M","T","$","?","E","$","M","R","BOSS","M","M","$","M","?","E","R","E","T","?","M","?","M","E","R","BOSS","R","$","E","BOSS"],"build_version":"2022-12-18","purchased_purges":4,"victory":true,"max_hp_per_floor":[82,82,82,82,82,82,82,82,82,82,82,82,82,82,82,82,82,82,82,82,82,82,82,82,82,89,89,94,94,94,94,94,94,94,94,94,94,94,94,94,94,94,94,94,94,94,94,104,104,104,104,104,104,104,104],"card_choices":[{"not_picked":["True Grit","Sword Boomerang"],"picked":"Shockwave","floor":1},{"not_picked":["Havoc","Entrench"],"picked":"Inflame","floor":2},{"not_picked":["Sentinel","Pommel Strike"],"picked":"Sword Boomerang","floor":4},{"not_picked":["Havoc","Wild Strike"],"picked":"Iron Wave","floor":5},{"not_picked":["Cleave","Wild Strike"],"picked":"Warcry+1","floor":6},{"not_picked":["Cleave","Sentinel+1"],"picked":"Impervious+1","floor":8},{"not_picked":["Perfected Strike","Uppercut"],"picked":"Sentinel+1","floor":11},{"not_picked":["Fire Breathing","Body Slam","Uppercut"],"picked":"SKIP","floor":13},{"not_picked":["Fire Breathing","Uppercut"],"picked":"Body Slam","floor":13},{"not_picked":["Burning Pact+1","Blood for Blood"],"picked":"Disarm+1","floor":14},{"not_picked":["Bludgeon","Juggernaut"],"picked":"Limit Break+1","floor":16},{"not_picked":["Wild Strike","Clothesline","Havoc+1"],"picked":"SKIP","floor":18},{"not_picked":["Bloodletting+1","Thunderclap","Perfected Strike+1"],"picked":"SKIP","floor":20},{"not_picked":["Sword Boomerang","Rupture"],"picked":"Ghostly Armor+1","floor":22},{"not_picked":["Metallicize+1","Dropkick"],"picked":"Power Through+1","floor":23},{"not_picked":["Anger+1","Clothesline"],"picked":"Shrug It Off+1","floor":25},{"not_picked":["Clash","Blood for Blood"],"picked":"Pommel Strike","floor":29},{"not_picked":["Shrug It Off+1","Twin Strike"],"picked":"Burning Pact+1","floor":31},{"not_picked":["Immolate","Demon Form"],"picked":"Reaper","floor":33},{"not_picked":["Rupture","Iron Wave","Heavy Blade"],"picked":"SKIP","floor":35},{"not_picked":["Cleave","Dropkick"],"picked":"Sentinel+1","floor":36},{"not_picked":["Armaments+1","Clothesline"],"picked":"Feel No Pain","floor":38},{"not_picked":["Good Instincts+1","Mind Blast"],"picked":"Deep Breath+1","floor":39},{"not_picked":["The Bomb+1","Forethought+1"],"picked":"Deep Breath+1","floor":39},{"not_picked":["Enlightenment+1","Bandage Up+1"],"picked":"Chrysalis+1","floor":39},{"not_picked":["Wild Strike","Seeing Red+1","Sword Boomerang"],"picked":"SKIP","floor":40},{"not_picked":["Wild Strike","Demon Form"],"picked":"Warcry+1","floor":42},{"not_picked":["Shrug It Off+1","Heavy Blade","Thunderclap"],"picked":"SKIP","floor":45},{"not_picked":["Heavy Blade","Pommel Strike"],"picked":"Flex+1","floor":46},{"not_picked":["Perfected Strike+1","Infernal Blade+1","Ghostly Armor+1"],"picked":"SKIP","floor":47},{"not_picked":["Clothesline","Pommel Strike","Iron Wave"],"picked":"SKIP","floor":48},{"not_picked":["Pummel","Juggernaut","Iron Wave"],"picked":"SKIP","floor":54}],"player_experience":918202,"relics_obtained":[{"floor":6,"key":"Toxic Egg 2"},{"floor":8,"key":"Oddly Smooth Stone"},{"floor":9,"key":"Nunchaku"},{"floor":23,"key":"Vajra"},{"floor":26,"key":"Strawberry"},{"floor":29,"key":"Bag of Preparation"},{"floor":40,"key":"Happy Flower"},{"floor":42,"key":"PreservedInsect"},{"floor":48,"key":"Pear"},{"floor":54,"key":"Gremlin Horn"}],"event_choices":[{"damage_healed":0,"gold_gain":75,"player_choice":"Gather Gold","damage_taken":11,"max_hp_gain":0,"max_hp_loss":0,"event_name":"World of Goop","floor":3,"gold_loss":0},{"damage_healed":0,"gold_gain":0,"player_choice":"Ignored","damage_taken":0,"max_hp_gain":0,"max_hp_loss":0,"event_name":"Ghosts","floor":19,"gold_loss":0},{"damage_healed":0,"gold_gain":0,"player_choice":"Read","damage_taken":0,"max_hp_gain":0,"max_hp_loss":0,"event_name":"The Library","floor":21,"gold_loss":0,"cards_obtained":["Spot Weakness"]},{"damage_healed":0,"gold_gain":0,"player_choice":"Shed Blood","damage_taken":31,"max_hp_gain":5,"max_hp_loss":0,"event_name":"Forgotten Altar","floor":28,"gold_loss":0},{"damage_healed":0,"gold_gain":0,"player_choice":"Memory 3","damage_taken":10,"max_hp_gain":0,"max_hp_loss":0,"event_name":"SensoryStone","floor":39,"gold_loss":0},{"damage_healed":0,"gold_gain":0,"player_choice":"Ignored","damage_taken":0,"max_hp_gain":0,"max_hp_loss":0,"event_name":"Golden Shrine","floor":44,"gold_loss":0}],"is_beta":false,"boss_relics":[{"not_picked":["Busted Crown","Philosopher\u0027s Stone"],"picked":"Fusion Hammer"},{"not_picked":["Cursed Key","Tiny House"],"picked":"Pandora\u0027s Box"}],"items_purged_floors":[12,27,30,53],"is_endless":false,"potions_floor_spawned":[1,4,5,8,14,22,25,29,31,35,40,45,47,48],"ascension_level":15}