{"gold_per_floor":[111,111,121,140,140,166,166,180,180,191,191,7,7,36,36,111,111,130,145,195,95,113,113,126,141,165,179,179,195,195,145,145,220,220,238,238],"floor_reached":36,"playtime":1590,"items_purged":["Strike_R","Strike_R"],"score":904,"play_id":"972bb1e5-a785-4404-b1d8-b0a2c0fbb235","local_time":"20231217161911","is_ascension_mode":true,"campfire_choices":[{"data":"Bludgeon","floor":7.0,"key":"SMITH"},{"data":"Armaments","floor":11.0,"key":"SMITH"},{"data":"Bash","floor":13.0,"key":"SMITH"},{"data":"Feel No Pain","floor":15.0,"key":"SMITH"},{"data":"Rupture","floor":23.0,"key":"SMITH"},{"data":"Offering","floor":28.0,"key":"SMITH"},{"data":"Rupture","floor":32.0,"key":"SMITH"}],"neow_cost":"PERCENT_DAMAGE","seed_source_timestamp":0,"circlet_count":0,"master_deck":["AscendersBane","Strike_R+1","Strike_R+1","Defend_R","Defend_R","Defend_R","Bash+1","Bludgeon+1","Armaments+1","Shrug It Off","Feel No Pain+1","Shrug It Off","Disarm","Bloodletting","Offering+1","Rupture+1","Flame Barrier+1","Rupture+1","True Grit+1","Flame Barrier+1","Fiend Fire","Sword Boomerang+1"],"special_seed":0,"relics":["Burning Blood","Pantograph","Paper Frog","Self Forming Clay","Coffee Dripper","Runic Dome"],"potions_floor_usage":[],"damage_taken":[{"damage":6.0,"enemies":"Small Slimes","floor":1.0,"turns":3.0},{"damage":0.0,"enemies":"2 Louse","floor":3.0,"turns":4.0},{"damage":0.0,"enemies":"Jaw Worm","floor":4.0,"turns":4.0},{"damage":16.0,"enemies":"3 Sentries","floor":6.0,"turns":14.0},{"damage":15.0,"enemies":"Gremlin Gang","floor":8.0,"turns":8.0},{"damage":0.0,"enemies":"Looter","floor":10.0,"turns":3.0},{"damage":6.0,"enemies":"Lagavulin","floor":14.0,"turns":5.0},{"damage":6.0,"enemies":"Slime Boss","floor":16.0,"turns":8.0},{"damage":11.0,"enemies":"3 Byrds","floor":18.0,"turns":6.0},{"damage":19.0,"enemies":"Shell Parasite","floor":19.0,"turns":3.0},{"damage":9.0,"enemies":"Snecko","floor":22.0,"turns":4.0},{"damage":6.0,"enemies":"Snake Plant","floor":24.0,"turns":4.0},{"damage":21.0,"enemies":"Centurion and Healer","floor":25.0,"turns":8.0},{"damage":23.0,"enemies":"Shelled Parasite and Fungi","floor":27.0,"turns":4.0},{"damage":9.0,"enemies":"Chosen and Byrds","floor":29.0,"turns":5.0},{"damage":39.0,"enemies":"Champ","floor":33.0,"turns":9.0},{"damage":0,"enemies":"3 Shapes","floor":35,"turns":7}],"seed_played":"4069243573260124731","potions_obtained":[{"floor":3.0,"key":"ColorlessPotion"},{"floor":10.0,"key":"Regen Potion"},{"floor":14.0,"key":"LiquidBronze"},{"floor":19.0,"key":"PowerPotion"},{"floor":25.0,"key":"EssenceOfSteel"}],"is_trial":false,"path_per_floor":["M","?","M","M","?","E","R","M","T","M","R","$","R","E","R","B",null,"M","M","?","$","M","R","M","M","T","M","R","M","?","?","R","B",null,"M","$"],"character_chosen":"IRONCLAD","items_purchased":["BloodPotion","AttackPotion"],"campfire_rested":0,"item_purchase_floors":[12,12],"current_hp_per_floor":[50,43,49,55,32,22,22,13,13,19,19,34,34,34,34,59,71,66,53,46,46,43,43,43,43,43,26,26,23,23,23,23,15,60,66,66],"gold":238,"neow_bonus":"THREE_RARE_CARDS","is_prod":false,"is_daily":false,"chose_seed":false,"campfire_upgraded":7,"win_rate":0,"timestamp":1702858751,"path_taken":["M","?","M","M","?","E","R","M","T","M","R","?","R","E","R","BOSS","M","?","?","$","M","R","M","M","T","?","R","M","?","?","R","BOSS","M","$"],"build_version":"2022-12-18","purchased_purges":2,"victory":false,"max_hp_per_floor":[75,75,75,75,75,75,75,75,75,75,75,75,75,75,75,75,75,75,75,75,75,75,75,75,75,75,75,75,75,75,75,75,75,75,75,75],"card_choices":[{"not_picked":["Limit Break","Demon Form"],"picked":"Bludgeon","floor":0.0},{"not_picked":["Flex","Perfected Strike"],"picked":"Armaments","floor":1.0},{"not_picked":["Heavy Blade","Iron Wave"],"picked":"Shrug It Off","floor":3.0},{"not_picked":["Clash","Rupture"],"picked":"Feel No Pain","floor":4.0},{"not_picked":["Combust","Ghostly Armor"],"picked":"Shrug It Off","floor":6.0},{"not_picked":["Body Slam","Hemokinesis"],"picked":"Disarm","floor":8.0},{"not_picked":["Hemokinesis","Body Slam"],"picked":"Bloodletting","floor":10.0},{"not_picked":["Sever Soul","Juggernaut","Feel No Pain"],"picked":"SKIP","floor":14.0},{"not_picked":["Reaper","Limit Break"],"picked":"Offering","floor":16.0},{"not_picked":["Searing Blow","Power Through"],"picked":"Rupture","floor":18.0},{"not_picked":["Flex","Body Slam"],"picked":"Flame Barrier+1","floor":19.0},{"not_picked":["Wild Strike+1","Cleave","Body Slam+1"],"picked":"SKIP","floor":22.0},{"not_picked":["Flex","Body Slam+1","Fire Breathing"],"picked":"SKIP","floor":24.0},{"not_picked":["Shrug It Off","Flex"],"picked":"Rupture","floor":25.0},{"not_picked":["Heavy Blade","Rage+1"],"picked":"True Grit+1","floor":27.0},{"not_picked":["Barricade","True Grit"],"picked":"Flame Barrier+1","floor":29.0},{"not_picked":["Demon Form","Limit Break"],"picked":"Fiend Fire","floor":33.0},{"not_picked":["Perfected Strike","Heavy Blade"],"picked":"Sword Boomerang+1","floor":35}],"player_experience":1013690,"relics_obtained":[{"floor":6.0,"key":"Pantograph"},{"floor":9.0,"key":"Paper Frog"},{"floor":14.0,"key":"Self Forming Clay"}],"event_choices":[{"cards_removed":["Strike_R"],"damage_healed":0.0,"max_hp_gain":0.0,"max_hp_loss":0.0,"gold_gain":0.0,"event_name":"Golden Wing","player_choice":"Card Removal","floor":2.0,"gold_loss":0.0,"damage_taken":7.0},{"damage_healed":0.0,"max_hp_gain":0.0,"max_hp_loss":0.0,"gold_gain":0.0,"event_name":"Shining Light","player_choice":"Entered Light","floor":5.0,"gold_loss":0.0,"damage_taken":23.0,"cards_upgraded":["Strike_R","Strike_R"]},{"damage_healed":0.0,"max_hp_gain":0.0,"max_hp_loss":0.0,"gold_gain":50.0,"event_name":"FaceTrader","player_choice":"Touch","floor":20.0,"gold_loss":0.0,"damage_taken":7.0},{"cards_removed":["Defend_R"],"damage_healed":0.0,"max_hp_gain":0.0,"max_hp_loss":0.0,"gold_gain":0.0,"event_name":"Back to Basics","player_choice":"Elegance","floor":30.0,"gold_loss":0.0,"damage_taken":0.0},{"damage_healed":0.0,"max_hp_gain":0.0,"max_hp_loss":0.0,"gold_gain":0.0,"event_name":"The Joust","player_choice":"Bet on Murderer","floor":31.0,"gold_loss":50.0,"damage_taken":0.0}],"is_beta":false,"boss_relics":[{"not_picked":["Black Blood","Philosopher\u0027s Stone"],"picked":"Coffee Dripper"},{"not_picked":["Calling Bell","Pandora\u0027s Box"],"picked":"Runic Dome"}],"items_purged_floors":[12,21],"is_endless":false,"potions_floor_spawned":[3,10,14,19,22,25],"ascension_level":18}