{"gold_per_floor":[111,111,127,141,153,153,181,181,207,207,231,231,264,277,277,375,375,389,389,38,63,78,78,78],"floor_reached":24,"playtime":1119,"items_purged":["Strike_R"],"score":468,"play_id":"15318413-66a5-41f6-82ab-a01fb2ab5d7a","local_time":"20231217123441","is_ascension_mode":true,"campfire_choices":[{"data":"Dark Embrace","floor":6,"key":"SMITH"},{"data":"Feed","floor":8,"key":"SMITH"},{"data":"Bash","floor":15,"key":"SMITH"},{"data":"Immolate","floor":23,"key":"SMITH"}],"neow_cost":"TEN_PERCENT_HP_LOSS","seed_source_timestamp":353112990539700,"circlet_count":0,"master_deck":["AscendersBane","Strike_R+1","Defend_R","Defend_R","Defend_R","Defend_R+1","Bash+1","Pommel Strike","Feed+1","Dark Embrace+1","Reckless Charge","Offering","Dual Wield","Sword Boomerang","Immolate+1","Dark Embrace","Carnage","Armaments+1"],"relics":["Burning Blood","Vajra","Bag of Preparation","Golden Idol","Boot","Snecko Eye","Toxic Egg 2"],"potions_floor_usage":[5,7,13,16,22,24],"damage_taken":[{"damage":8,"enemies":"2 Louse","floor":1,"turns":3},{"damage":4,"enemies":"Small Slimes","floor":3,"turns":5},{"damage":11,"enemies":"Jaw Worm","floor":4,"turns":5},{"damage":6,"enemies":"Lots of Slimes","floor":5,"turns":6},{"damage":20,"enemies":"3 Sentries","floor":7,"turns":9},{"damage":8,"enemies":"Looter","floor":11,"turns":5},{"damage":6,"enemies":"Gremlin Nob","floor":13,"turns":2},{"damage":9,"enemies":"Large Slime","floor":14,"turns":7},{"damage":33,"enemies":"Hexaghost","floor":16,"turns":8},{"damage":40,"enemies":"2 Thieves","floor":18,"turns":4},{"damage":1,"enemies":"3 Byrds","floor":21,"turns":2},{"damage":21,"enemies":"Sentry and Sphere","floor":22,"turns":4},{"damage":41,"enemies":"Book of Stabbing","floor":24,"turns":3}],"seed_played":"7514800632517960377","potions_obtained":[{"floor":3,"key":"Block Potion"},{"floor":4,"key":"Block Potion"},{"floor":7,"key":"AttackPotion"},{"floor":13,"key":"SkillPotion"},{"floor":19,"key":"LiquidMemories"},{"floor":19,"key":"LiquidMemories"},{"floor":21,"key":"Fire Potion"}],"is_trial":false,"path_per_floor":["M","?","M","M","M","R","E","R","T","?","M","?","E","M","R","B",null,"M","?","$","M","M","R","E"],"character_chosen":"IRONCLAD","items_purchased":["Toxic Egg 2"],"campfire_rested":0,"item_purchase_floors":[20],"current_hp_per_floor":[69,48,53,51,54,54,43,43,43,43,45,45,45,50,50,23,71,41,41,41,50,35,35,0],"gold":78,"neow_bonus":"TRANSFORM_TWO_CARDS","is_prod":false,"is_daily":false,"chose_seed":false,"campfire_upgraded":4,"win_rate":0,"timestamp":1702845281,"path_taken":["M","?","M","M","M","R","E","R","T","?","M","?","E","M","R","BOSS","M","?","$","M","?","R","E"],"build_version":"2022-12-18","purchased_purges":1,"victory":false,"max_hp_per_floor":[71,71,74,77,80,80,83,83,83,75,79,79,79,87,87,87,87,91,91,91,95,95,95,95],"card_choices":[{"not_picked":["Clash","Combust","Havoc"],"picked":"SKIP","floor":1},{"not_picked":["Blood for Blood","Entrench"],"picked":"Dark Embrace","floor":3},{"not_picked":["Cleave","Pommel Strike"],"picked":"Reckless Charge","floor":4},{"not_picked":["Whirlwind","Sword Boomerang","Wild Strike"],"picked":"SKIP","floor":5},{"not_picked":["Clothesline","Disarm"],"picked":"Offering","floor":7},{"not_picked":["Body Slam","Clash","Perfected Strike"],"picked":"SKIP","floor":11},{"not_picked":["Cleave","Power Through","Flex"],"picked":"SKIP","floor":13},{"not_picked":["Wild Strike","Second Wind"],"picked":"Sword Boomerang","floor":14},{"not_picked":["Berserk","Brutality"],"picked":"Immolate","floor":16},{"not_picked":["Body Slam","Twin Strike"],"picked":"Dark Embrace","floor":18},{"not_picked":["Headbutt+1","Flex+1"],"picked":"Carnage","floor":21},{"not_picked":["Wild Strike","Flex+1"],"picked":"Armaments+1","floor":22}],"player_experience":1012571,"relics_obtained":[{"floor":7,"key":"Vajra"},{"floor":9,"key":"Bag of Preparation"},{"floor":13,"key":"Boot"}],"event_choices":[{"damage_healed":0,"gold_gain":0,"player_choice":"Entered Light","damage_taken":21,"max_hp_gain":0,"max_hp_loss":0,"event_name":"Shining Light","floor":2,"gold_loss":0,"cards_upgraded":["Defend_R","Strike_R"]},{"damage_healed":0,"gold_gain":0,"player_choice":"Lose Max HP","damage_taken":0,"relics_obtained":["Golden Idol"],"max_hp_gain":0,"max_hp_loss":8,"event_name":"Golden Idol","floor":10,"gold_loss":0},{"damage_healed":0,"gold_gain":0,"cards_transformed":["Strike_R"],"player_choice":"Change","damage_taken":0,"max_hp_gain":0,"max_hp_loss":0,"event_name":"Living Wall","floor":12,"gold_loss":0,"cards_obtained":["Dual Wield"]},{"damage_healed":0,"gold_gain":0,"player_choice":"Got Potions","damage_taken":0,"max_hp_gain":0,"max_hp_loss":0,"event_name":"Lab","floor":19,"gold_loss":0}],"is_beta":false,"boss_relics":[{"not_picked":["Mark of Pain","Philosopher\u0027s Stone"],"picked":"Snecko Eye"}],"items_purged_floors":[20],"is_endless":false,"potions_floor_spawned":[3,4,7,13,21],"killed_by":"Book of Stabbing","ascension_level":18}