{"gold_per_floor":[365,385,385,395,405,431,431,446,446,446,460,141,168,179,179,252,252,271,271,290,270,284,284,319,209,233,12,31,43,43,54,54,127,127,143,162,162,182,193,193,219,235,260,294,312,362,138,149,149,149,149,149,66,99,99],"floor_reached":56,"playtime":4042,"items_purged":["Strike_R","Strike_R","Strike_R"],"score":2001,"play_id":"608abfd3-f080-42d8-a335-c55e0897b52d","local_time":"20231209003355","is_ascension_mode":true,"campfire_choices":[{"data":"Armaments","floor":7,"key":"SMITH"},{"data":"Uppercut","floor":10,"key":"SMITH"},{"data":"Dark Embrace","floor":15,"key":"SMITH"},{"floor":23,"key":"REST"},{"data":"True Grit","floor":30,"key":"SMITH"},{"floor":32,"key":"REST"},{"data":"Corruption","floor":40,"key":"SMITH"},{"floor":49,"key":"RECALL"},{"data":"Inflame","floor":52,"key":"SMITH"}],"neow_cost":"TEN_PERCENT_HP_LOSS","seed_source_timestamp":83298057967000,"circlet_count":0,"master_deck":["AscendersBane","Strike_R","Defend_R","Defend_R","Defend_R+1","Defend_R","Bash","Flame Barrier","Armaments+1","Uppercut+1","Rampage","True Grit+1","Infernal Blade","Shrug It Off","Inflame+1","Headbutt","Cleave","Shrug It Off","Dark Embrace+1","Pommel Strike","Limit Break","True Grit","Seeing Red","Sword Boomerang+1","Seeing Red","Corruption+1","Feel No Pain","Battle Trance","Feed","Shockwave","Sword Boomerang","Sentinel","Inflame","Reaper","Exhume"],"relics":["Burning Blood","Red Skull","Thread and Needle","Orrery","StrikeDummy","Runic Pyramid","Nilry\u0027s Codex","Bird Faced Urn","Nunchaku","Membership Card","SlaversCollar","Singing Bowl","Sundial","Dream Catcher","Ornamental Fan"],"potions_floor_usage":[13,16,24,24,33,42,54],"damage_taken":[{"damage":18,"enemies":"Jaw Worm","floor":1,"turns":4},{"damage":1,"enemies":"Cultist","floor":2,"turns":4},{"damage":1,"enemies":"2 Louse","floor":4,"turns":3},{"damage":0,"enemies":"2 Fungi Beasts","floor":5,"turns":5},{"damage":25,"enemies":"Lagavulin","floor":6,"turns":9},{"damage":14,"enemies":"Lots of Slimes","floor":8,"turns":5},{"damage":2,"enemies":"Looter","floor":11,"turns":3},{"damage":3,"enemies":"3 Sentries","floor":13,"turns":7},{"damage":1,"enemies":"Gremlin Gang","floor":14,"turns":5},{"damage":19,"enemies":"Slime Boss","floor":16,"turns":8},{"damage":8,"enemies":"Spheric Guardian","floor":18,"turns":7},{"damage":0,"enemies":"Shell Parasite","floor":20,"turns":8},{"damage":37,"enemies":"3 Cultists","floor":22,"turns":6},{"damage":18,"enemies":"Slavers","floor":24,"turns":4},{"damage":4,"enemies":"Snake Plant","floor":28,"turns":3},{"damage":1,"enemies":"Centurion and Healer","floor":29,"turns":8},{"damage":22,"enemies":"Shelled Parasite and Fungi","floor":31,"turns":4},{"damage":31,"enemies":"Automaton","floor":33,"turns":10},{"damage":25,"enemies":"3 Shapes","floor":35,"turns":4},{"damage":4,"enemies":"Orb Walker","floor":36,"turns":3},{"damage":0,"enemies":"Sphere and 2 Shapes","floor":38,"turns":6},{"damage":19,"enemies":"Spire Growth","floor":39,"turns":7},{"damage":4,"enemies":"Giant Head","floor":41,"turns":7},{"damage":16,"enemies":"Jaw Worm Horde","floor":42,"turns":6},{"damage":17,"enemies":"Nemesis","floor":44,"turns":6},{"damage":0,"enemies":"Maw","floor":45,"turns":7},{"damage":28,"enemies":"3 Darklings","floor":48,"turns":7},{"damage":20,"enemies":"Time Eater","floor":50,"turns":6},{"damage":79,"enemies":"Shield and Spear","floor":54,"turns":7},{"damage":70,"enemies":"The Heart","floor":55,"turns":7}],"seed_played":"-2437449497772166189","potions_obtained":[{"floor":5,"key":"ColorlessPotion"},{"floor":6,"key":"Weak Potion"},{"floor":13,"key":"GamblersBrew"},{"floor":16,"key":"Strength Potion"},{"floor":24,"key":"LiquidMemories"},{"floor":28,"key":"Energy Potion"},{"floor":31,"key":"PowerPotion"},{"floor":36,"key":"FearPotion"},{"floor":44,"key":"SneckoOil"},{"floor":45,"key":"GamblersBrew"},{"floor":48,"key":"FairyPotion"}],"is_trial":false,"path_per_floor":["M","M","?","M","M","E","R","M","T","R","M","$","E","M","R","B",null,"M","?","M","?","M","R","E","?","T","$","M","M","R","M","R","B",null,"M","M","?","M","M","R","E","M","T","E","M","T","$","M","R","B",null,"R","$","E","B",null],"character_chosen":"IRONCLAD","items_purchased":["Inflame","Orrery","Membership Card","Inflame","DuplicationPotion","Reaper","Exhume"],"campfire_rested":2,"item_purchase_floors":[12,12,27,47,47,47,53],"current_hp_per_floor":[56,61,61,66,68,49,49,41,41,41,45,45,48,53,53,40,61,59,38,44,44,13,33,21,21,21,21,23,32,32,16,36,13,54,39,43,43,57,52,52,68,67,67,66,77,77,77,79,79,75,78,78,78,45,48],"gold":99,"neow_bonus":"TWO_FIFTY_GOLD","is_prod":false,"is_daily":false,"chose_seed":false,"campfire_upgraded":6,"win_rate":0,"timestamp":1702110835,"path_taken":["M","M","?","?","M","E","R","M","T","R","M","$","E","M","R","BOSS","M","?","M","?","?","R","E","?","T","$","M","M","R","M","R","BOSS","M","?","?","M","M","R","E","M","T","E","M","?","$","?","R","BOSS","R","$","E","BOSS"],"build_version":"2022-12-18","purchased_purges":3,"victory":true,"max_hp_per_floor":[68,68,68,68,68,68,68,68,68,68,68,68,68,68,68,68,68,68,68,68,68,68,68,68,68,68,68,68,68,68,68,68,68,68,68,68,65,65,65,65,68,71,71,73,77,77,77,79,79,79,79,79,79,81,81],"card_choices":[{"not_picked":["Havoc","Wild Strike"],"picked":"Flame Barrier","floor":1},{"not_picked":["Perfected Strike","Pummel"],"picked":"Armaments","floor":2},{"not_picked":["Armaments","Rage"],"picked":"Uppercut","floor":4},{"not_picked":["Warcry","Wild Strike"],"picked":"Rampage","floor":5},{"not_picked":["True Grit","Blood for Blood","Uppercut"],"picked":"SKIP","floor":6},{"not_picked":["Blood for Blood","Uppercut"],"picked":"True Grit","floor":6},{"not_picked":["Thunderclap","Iron Wave"],"picked":"Infernal Blade","floor":8},{"not_picked":["Havoc","Evolve"],"picked":"Shrug It Off","floor":11},{"not_picked":["Havoc","Anger"],"picked":"Headbutt","floor":12},{"not_picked":["Iron Wave","Heavy Blade"],"picked":"Cleave","floor":12},{"not_picked":["Shockwave","Sword Boomerang"],"picked":"Shrug It Off","floor":12},{"not_picked":["True Grit","Sword Boomerang"],"picked":"Dark Embrace","floor":13},{"not_picked":["Anger","Perfected Strike"],"picked":"Pommel Strike","floor":14},{"not_picked":["Double Tap","Brutality"],"picked":"Limit Break","floor":16},{"not_picked":["Rupture","Heavy Blade","Iron Wave"],"picked":"SKIP","floor":18},{"not_picked":["Wild Strike","Armaments"],"picked":"True Grit","floor":20},{"not_picked":["Wild Strike","Cleave+1"],"picked":"Seeing Red","floor":22},{"not_picked":["Shrug It Off","Armaments"],"picked":"Sword Boomerang+1","floor":24},{"not_picked":["Headbutt","Fire Breathing","Sword Boomerang"],"picked":"SKIP","floor":28},{"not_picked":["Heavy Blade","Clash"],"picked":"Seeing Red","floor":29},{"not_picked":["Iron Wave","Sword Boomerang","Heavy Blade+1"],"picked":"SKIP","floor":31},{"not_picked":["Barricade","Double Tap"],"picked":"Corruption","floor":33},{"not_picked":["Whirlwind","Headbutt","Clash"],"picked":"SKIP","floor":35},{"not_picked":["Headbutt","Cleave+1"],"picked":"Feel No Pain","floor":36},{"not_picked":["Dark Embrace","Perfected Strike+1"],"picked":"Battle Trance","floor":38},{"not_picked":["Cleave+1","True Grit+1"],"picked":"Feed","floor":39},{"not_picked":["Berserk","Body Slam"],"picked":"Shockwave","floor":41},{"not_picked":["Twin Strike","Cleave"],"picked":"Sword Boomerang","floor":42},{"not_picked":["Blood for Blood+1","Flex","Anger"],"picked":"Singing Bowl","floor":44},{"not_picked":["Pommel Strike","Headbutt"],"picked":"Sentinel","floor":45},{"not_picked":["Headbutt+1","Sword Boomerang","Combust"],"picked":"Singing Bowl","floor":48},{"not_picked":["Iron Wave","Headbutt+1","Havoc+1"],"picked":"Singing Bowl","floor":54}],"player_experience":942531,"relics_obtained":[{"floor":6,"key":"Red Skull"},{"floor":9,"key":"Thread and Needle"},{"floor":13,"key":"StrikeDummy"},{"floor":19,"key":"Nilry\u0027s Codex"},{"floor":24,"key":"Bird Faced Urn"},{"floor":26,"key":"Nunchaku"},{"floor":41,"key":"Singing Bowl"},{"floor":44,"key":"Sundial"},{"floor":46,"key":"Dream Catcher"},{"floor":54,"key":"Ornamental Fan"}],"event_choices":[{"damage_healed":0,"gold_gain":0,"player_choice":"0 cards matched","damage_taken":0,"max_hp_gain":0,"max_hp_loss":0,"event_name":"Match and Keep!","floor":3,"gold_loss":0,"cards_obtained":[]},{"damage_healed":0,"gold_gain":0,"player_choice":"Obtained Book","damage_taken":21,"max_hp_gain":0,"max_hp_loss":0,"event_name":"Cursed Tome","floor":19,"gold_loss":0},{"damage_healed":0,"gold_gain":0,"player_choice":"Bought 1 Potion","damage_taken":0,"max_hp_gain":0,"max_hp_loss":0,"event_name":"The Woman in Blue","floor":21,"gold_loss":0},{"cards_removed":["Strike_R"],"damage_healed":0,"gold_gain":0,"player_choice":"Upgrade and Remove","damage_taken":0,"max_hp_gain":0,"max_hp_loss":0,"event_name":"Designer","floor":25,"gold_loss":110,"cards_upgraded":["Defend_R"]},{"damage_healed":0,"gold_gain":0,"player_choice":"Max HP","damage_taken":0,"max_hp_gain":0,"max_hp_loss":3,"event_name":"Winding Halls","floor":37,"gold_loss":0}],"is_beta":false,"boss_relics":[{"not_picked":["Calling Bell","Sozu"],"picked":"Runic Pyramid"},{"not_picked":["Black Star","Pandora\u0027s Box"],"picked":"SlaversCollar"}],"items_purged_floors":[12,27,47],"is_endless":false,"potions_floor_spawned":[5,6,8,13,16,18,24,28,31,36,39,44,45,48],"ascension_level":16}