{"gold_per_floor":[118,132,149,149,20,52,52,84,84,94,94,141,167,242,242,313,313,323,100,15,25,36,36,49,49],"floor_reached":25,"playtime":1107,"items_purged":["Strike_R","Wild Strike"],"score":448,"play_id":"207410d8-aa4f-44be-b4b7-79cfcb0699e9","local_time":"20231207232614","is_ascension_mode":true,"campfire_choices":[{"data":"Apotheosis","floor":7,"key":"SMITH"},{"data":"Feed","floor":11,"key":"SMITH"},{"floor":15,"key":"REST"},{"data":"Shrug It Off","floor":23,"key":"SMITH"}],"neow_cost":"PERCENT_DAMAGE","seed_source_timestamp":1952864375036100,"circlet_count":0,"master_deck":["AscendersBane","Defend_R","Defend_R","Defend_R","Defend_R","Bash","Apotheosis+1","Feed+1","Spot Weakness","Sword Boomerang","Shrug It Off+1","Headbutt","Corruption+1","Spot Weakness+1","Barricade+1","Sever Soul+1"],"relics":["Burning Blood","Torii","Frozen Egg 2","Singing Bowl","Smiling Mask","Eternal Feather","Astrolabe","Happy Flower","Meat on the Bone"],"potions_floor_usage":[6,6,16,25,25],"damage_taken":[{"damage":12,"enemies":"Small Slimes","floor":1,"turns":4},{"damage":2,"enemies":"Jaw Worm","floor":2,"turns":4},{"damage":7,"enemies":"2 Louse","floor":3,"turns":2},{"damage":12,"enemies":"3 Sentries","floor":6,"turns":6},{"damage":23,"enemies":"Lagavulin","floor":8,"turns":10},{"damage":7,"enemies":"Looter","floor":10,"turns":4},{"damage":13,"enemies":"3 Sentries","floor":13,"turns":7},{"damage":44,"enemies":"The Guardian","floor":16,"turns":10},{"damage":11,"enemies":"Spheric Guardian","floor":18,"turns":5},{"damage":14,"enemies":"Shell Parasite","floor":21,"turns":7},{"damage":26,"enemies":"Snake Plant","floor":22,"turns":4},{"damage":65,"enemies":"3 Cultists","floor":24,"turns":7},{"damage":50,"enemies":"Slavers","floor":25,"turns":3}],"seed_played":"1252177727020487517","potions_obtained":[{"floor":1,"key":"BlessingOfTheForge"},{"floor":6,"key":"Ancient Potion"},{"floor":10,"key":"LiquidBronze"},{"floor":21,"key":"Explosive Potion"},{"floor":24,"key":"FearPotion"}],"is_trial":false,"path_per_floor":["M","M","M","?","$","E","R","E","T","M","R","T","E","?","R","B",null,"M","$","?","M","M","R","M","E"],"character_chosen":"IRONCLAD","items_purchased":["AttackPotion","Happy Flower"],"campfire_rested":1,"item_purchase_floors":[5,19],"current_hp_per_floor":[44,48,47,47,47,45,45,32,32,35,35,35,32,21,57,23,77,78,78,78,76,74,83,42,0],"gold":49,"neow_bonus":"RANDOM_COLORLESS_2","is_prod":false,"is_daily":false,"chose_seed":false,"campfire_upgraded":3,"win_rate":0,"timestamp":1702020374,"path_taken":["M","M","M","?","$","E","R","E","T","M","R","?","E","?","R","BOSS","M","$","?","M","M","R","M","E"],"build_version":"2022-12-18","purchased_purges":2,"victory":false,"max_hp_per_floor":[75,75,75,75,75,79,79,83,83,87,87,87,91,91,91,95,95,101,101,101,107,113,113,119,119],"card_choices":[{"not_picked":["Magnetism","Secret Technique"],"picked":"Apotheosis","floor":0},{"not_picked":["Havoc","Warcry"],"picked":"Wild Strike","floor":1},{"not_picked":["Body Slam","Heavy Blade","Clash"],"picked":"SKIP","floor":2},{"not_picked":["Thunderclap","Fire Breathing"],"picked":"Feed","floor":3},{"not_picked":["Twin Strike","Power Through"],"picked":"Spot Weakness","floor":6},{"not_picked":["Cleave","Twin Strike"],"picked":"Sword Boomerang","floor":8},{"not_picked":["Hemokinesis","Headbutt"],"picked":"Shrug It Off","floor":10},{"not_picked":["Clash","Havoc"],"picked":"Headbutt","floor":13},{"not_picked":["Impervious","Barricade+1"],"picked":"Corruption+1","floor":16},{"not_picked":["Sword Boomerang+1","Headbutt","Twin Strike"],"picked":"Singing Bowl","floor":18},{"not_picked":["Combust+1","Pommel Strike","Body Slam"],"picked":"Singing Bowl","floor":21},{"not_picked":["Second Wind","Clash","Sword Boomerang"],"picked":"Singing Bowl","floor":22},{"not_picked":["Heavy Blade","Clash","Cleave"],"picked":"Singing Bowl","floor":24}],"player_experience":941424,"relics_obtained":[{"floor":6,"key":"Torii"},{"floor":8,"key":"Frozen Egg 2"},{"floor":9,"key":"Singing Bowl"},{"floor":12,"key":"Smiling Mask"},{"floor":13,"key":"Eternal Feather"}],"event_choices":[{"cards_removed":["Strike_R"],"damage_healed":0,"gold_gain":0,"player_choice":"Forget","damage_taken":0,"max_hp_gain":0,"max_hp_loss":0,"event_name":"Living Wall","floor":4,"gold_loss":0},{"damage_healed":0,"gold_gain":75,"player_choice":"Gather Gold","damage_taken":11,"max_hp_gain":0,"max_hp_loss":0,"event_name":"World of Goop","floor":14,"gold_loss":0},{"damage_healed":0,"gold_gain":0,"player_choice":"Obtained Relic","damage_taken":0,"relics_obtained":["Meat on the Bone"],"max_hp_gain":0,"max_hp_loss":0,"event_name":"Addict","floor":20,"gold_loss":85}],"is_beta":false,"boss_relics":[{"not_picked":["SacredBark","Runic Cube"],"picked":"Astrolabe"}],"items_purged_floors":[5,19],"is_endless":false,"potions_floor_spawned":[1,6,10,13,21,24],"killed_by":"Slavers","ascension_level":16}