{"gold_per_floor":[109,52,65,65,76,111,129,129,129,129,148,167,198,213,213,213],"floor_reached":16,"playtime":734,"items_purged":[],"score":217,"play_id":"7bd99933-35f8-4901-8171-9bbd0bf6e33e","local_time":"20231217213351","is_ascension_mode":true,"campfire_choices":[{"data":"Immolate","floor":8,"key":"SMITH"},{"data":"Whirlwind","floor":10,"key":"SMITH"},{"data":"Heavy Blade","floor":15,"key":"SMITH"}],"neow_cost":"TEN_PERCENT_HP_LOSS","seed_source_timestamp":385843595546300,"circlet_count":0,"master_deck":["AscendersBane","Strike_R","Strike_R","Strike_R","Strike_R","Strike_R","Defend_R","Defend_R","Defend_R","Defend_R","Bash","Thinking Ahead","Hemokinesis+1","Shrug It Off","Whirlwind+1","Spot Weakness","Immolate+1","Pommel Strike","Heavy Blade+1","Battle Trance","Feel No Pain"],"relics":["Burning Blood","Tiny Chest","Question Card","Dead Branch"],"potions_floor_usage":[6,13,13,16],"damage_taken":[{"damage":11,"enemies":"Jaw Worm","floor":1,"turns":5},{"damage":3,"enemies":"Cultist","floor":3,"turns":3},{"damage":2,"enemies":"Small Slimes","floor":5,"turns":3},{"damage":11,"enemies":"3 Sentries","floor":6,"turns":8},{"damage":8,"enemies":"Blue Slaver","floor":7,"turns":4},{"damage":12,"enemies":"Exordium Thugs","floor":11,"turns":3},{"damage":8,"enemies":"Exordium Wildlife","floor":12,"turns":3},{"damage":21,"enemies":"Lagavulin","floor":13,"turns":7},{"damage":14,"enemies":"Gremlin Gang","floor":14,"turns":3},{"damage":32,"enemies":"Hexaghost","floor":16,"turns":9}],"seed_played":"1743456526563076181","potions_obtained":[{"floor":3,"key":"AttackPotion"},{"floor":6,"key":"Dexterity Potion"},{"floor":14,"key":"Dexterity Potion"}],"is_trial":false,"path_per_floor":["M","$","M","?","M","E","M","R","T","R","M","M","E","M","R","B"],"character_chosen":"IRONCLAD","items_purchased":["Fire Potion"],"campfire_rested":0,"item_purchase_floors":[2],"current_hp_per_floor":[63,63,66,66,68,63,61,61,61,61,55,53,38,30,30,0],"gold":213,"neow_bonus":"RANDOM_COLORLESS_2","is_prod":false,"is_daily":false,"chose_seed":false,"campfire_upgraded":3,"win_rate":0,"timestamp":1702877631,"path_taken":["M","$","M","?","M","E","M","R","T","R","M","?","E","M","R","BOSS"],"build_version":"2022-12-18","purchased_purges":0,"victory":false,"max_hp_per_floor":[68,68,68,68,68,68,68,68,68,68,68,68,68,68,68,68],"card_choices":[{"not_picked":["Mayhem","Chrysalis"],"picked":"Thinking Ahead","floor":0},{"not_picked":["Perfected Strike","Thunderclap"],"picked":"Hemokinesis","floor":1},{"not_picked":["Wild Strike","Combust"],"picked":"Shrug It Off","floor":3},{"not_picked":["Cleave","Ghostly Armor"],"picked":"Whirlwind","floor":5},{"not_picked":["Searing Blow","Metallicize"],"picked":"Spot Weakness","floor":6},{"not_picked":["Hemokinesis","Burning Pact"],"picked":"Immolate","floor":7},{"not_picked":["Flex","Armaments","Iron Wave"],"picked":"Pommel Strike","floor":11},{"not_picked":["Metallicize","Reckless Charge","Iron Wave"],"picked":"Heavy Blade","floor":12},{"not_picked":["Feel No Pain","Heavy Blade","Wild Strike"],"picked":"Battle Trance","floor":13},{"not_picked":["Dropkick","Wild Strike","Blood for Blood"],"picked":"Feel No Pain","floor":14}],"player_experience":1018469,"relics_obtained":[{"floor":6,"key":"Tiny Chest"},{"floor":9,"key":"Question Card"},{"floor":13,"key":"Dead Branch"}],"event_choices":[{"damage_healed":0,"gold_gain":0,"player_choice":"Upgraded","damage_taken":0,"max_hp_gain":0,"max_hp_loss":0,"event_name":"Upgrade Shrine","floor":4,"gold_loss":0,"cards_upgraded":["Hemokinesis"]}],"is_beta":false,"boss_relics":[],"items_purged_floors":[],"is_endless":false,"potions_floor_spawned":[3,6,12,14],"killed_by":"Hexaghost","ascension_level":18}