{"gold_per_floor":[369,88,101,112,112,147,163,163,190,190,220,230,251,251,251,251],"floor_reached":16,"playtime":759,"items_purged":["Strike_R"],"score":198,"play_id":"bdf7ae29-4898-4520-ae17-1cd01dfba8b2","local_time":"20231207195911","is_ascension_mode":true,"campfire_choices":[{"data":"True Grit","floor":10,"key":"SMITH"},{"data":"Armaments","floor":15,"key":"SMITH"}],"neow_cost":"PERCENT_DAMAGE","seed_source_timestamp":1940784306748000,"circlet_count":0,"master_deck":["AscendersBane","Strike_R","Strike_R","Strike_R","Defend_R","Defend_R","Defend_R","Defend_R","Bash","True Grit+1","Headbutt","Blind","Reckless Charge","Uppercut","Seeing Red","Fiend Fire+1","Armaments+1","Anger"],"relics":["Burning Blood","PreservedInsect","Regal Pillow","Odd Mushroom"],"potions_floor_usage":[6,11,13,16,16],"damage_taken":[{"damage":11,"enemies":"Jaw Worm","floor":1,"turns":4},{"damage":8,"enemies":"Small Slimes","floor":3,"turns":4},{"damage":0,"enemies":"2 Louse","floor":4,"turns":2},{"damage":32,"enemies":"3 Sentries","floor":6,"turns":9},{"damage":8,"enemies":"Blue Slaver","floor":7,"turns":3},{"damage":10,"enemies":"Lagavulin","floor":11,"turns":6},{"damage":4,"enemies":"Large Slime","floor":12,"turns":5},{"damage":17,"enemies":"The Mushroom Lair","floor":13,"turns":4},{"damage":43,"enemies":"Hexaghost","floor":16,"turns":9}],"seed_played":"6345050253869315555","potions_obtained":[{"floor":3,"key":"Strength Potion"},{"floor":7,"key":"BloodPotion"},{"floor":12,"key":"FearPotion"},{"floor":13,"key":"GamblersBrew"}],"is_trial":false,"path_per_floor":["M","$","M","M","?","E","M","?","T","R","E","M","?","?","R","B"],"character_chosen":"IRONCLAD","items_purchased":["Headbutt","AttackPotion","Blind"],"campfire_rested":0,"item_purchase_floors":[2,2,2],"current_hp_per_floor":[45,45,43,49,42,16,14,14,14,14,10,12,16,41,41,0],"gold":251,"neow_bonus":"TWO_FIFTY_GOLD","is_prod":false,"is_daily":false,"chose_seed":false,"campfire_upgraded":2,"win_rate":0,"timestamp":1702007951,"path_taken":["M","$","M","M","?","E","M","?","T","R","E","?","?","?","R","BOSS"],"build_version":"2022-12-18","purchased_purges":1,"victory":false,"max_hp_per_floor":[75,75,75,75,75,75,75,75,75,75,75,75,75,75,75,75],"card_choices":[{"not_picked":["Thunderclap","Flex"],"picked":"True Grit","floor":1},{"not_picked":["Heavy Blade","Rampage"],"picked":"Reckless Charge","floor":3},{"not_picked":["Flex","Entrench"],"picked":"Uppercut","floor":4},{"not_picked":["Heavy Blade","Warcry"],"picked":"Seeing Red","floor":6},{"not_picked":["Clothesline","Flex"],"picked":"Fiend Fire","floor":7},{"not_picked":["Sword Boomerang","Wild Strike"],"picked":"Armaments","floor":11},{"not_picked":["Warcry","Flex","Iron Wave"],"picked":"SKIP","floor":12},{"not_picked":["Havoc","Perfected Strike"],"picked":"Anger","floor":13}],"player_experience":938466,"relics_obtained":[{"floor":6,"key":"PreservedInsect"},{"floor":11,"key":"Regal Pillow"},{"floor":13,"key":"Odd Mushroom"}],"event_choices":[{"cards_removed":["Strike_R"],"damage_healed":0,"gold_gain":0,"player_choice":"Card Removal","damage_taken":7,"max_hp_gain":0,"max_hp_loss":0,"event_name":"Golden Wing","floor":5,"gold_loss":0},{"damage_healed":0,"gold_gain":0,"player_choice":"Grow","damage_taken":0,"max_hp_gain":0,"max_hp_loss":0,"event_name":"Living Wall","floor":8,"gold_loss":0,"cards_upgraded":["Fiend Fire"]},{"damage_healed":0,"gold_gain":0,"player_choice":"Fought Mushrooms","damage_taken":0,"max_hp_gain":0,"max_hp_loss":0,"event_name":"Mushrooms","floor":13,"gold_loss":0},{"damage_healed":25,"gold_gain":0,"player_choice":"Banana","damage_taken":0,"max_hp_gain":0,"max_hp_loss":0,"event_name":"Big Fish","floor":14,"gold_loss":0}],"is_beta":false,"boss_relics":[],"items_purged_floors":[2],"is_endless":false,"potions_floor_spawned":[3,7,12,13],"killed_by":"Hexaghost","ascension_level":16}