{"gold_per_floor":[20,40,60,60,73,73,103,103,103,136,136,153,181,197,197,269,269,283,208,208,9,9,9,44,64,64,64],"floor_reached":27,"playtime":1135,"items_purged":["Strike_R"],"score":464,"play_id":"f238564c-e3aa-4317-9e12-9c6133adc1a1","local_time":"20231210205154","is_ascension_mode":true,"campfire_choices":[{"data":"Pommel Strike","floor":6,"key":"SMITH"},{"data":"Bash","floor":8,"key":"SMITH"},{"data":"Disarm","floor":15,"key":"SMITH"},{"data":"Bludgeon","floor":23,"key":"SMITH"}],"neow_cost":"NO_GOLD","seed_source_timestamp":245713573155300,"circlet_count":0,"master_deck":["AscendersBane","Strike_R","Defend_R","Defend_R","Defend_R","Defend_R","Bash+1","Secret Weapon","Flame Barrier","Pommel Strike+1","Armaments","Shrug It Off","Power Through","Feel No Pain","Pommel Strike","Disarm+1","Bludgeon+1","Disarm+1","Shockwave","Pummel"],"relics":["Burning Blood","Akabeko","Kunai","StrikeDummy","PreservedInsect","Velvet Choker","Membership Card","Bottled Tornado","Shuriken"],"potions_floor_usage":[7,13,24,24,24,27],"damage_taken":[{"damage":7,"enemies":"Cultist","floor":1,"turns":4},{"damage":8,"enemies":"2 Louse","floor":2,"turns":3},{"damage":2,"enemies":"Jaw Worm","floor":3,"turns":4},{"damage":18,"enemies":"Exordium Thugs","floor":5,"turns":6},{"damage":25,"enemies":"3 Sentries","floor":7,"turns":9},{"damage":36,"enemies":"Gremlin Nob","floor":10,"turns":5},{"damage":6,"enemies":"Looter","floor":12,"turns":3},{"damage":1,"enemies":"3 Sentries","floor":13,"turns":9},{"damage":0,"enemies":"Large Slime","floor":14,"turns":4},{"damage":16,"enemies":"Hexaghost","floor":16,"turns":9},{"damage":30,"enemies":"3 Byrds","floor":18,"turns":5},{"damage":21,"enemies":"Slavers","floor":24,"turns":6},{"damage":13,"enemies":"Spheric Guardian","floor":25,"turns":4},{"damage":31,"enemies":"Gremlin Leader","floor":27,"turns":6}],"seed_played":"-4593000346290808394","potions_obtained":[{"floor":2,"key":"Regen Potion"},{"floor":3,"key":"LiquidMemories"},{"floor":13,"key":"Regen Potion"},{"floor":18,"key":"EntropicBrew"}],"is_trial":false,"path_per_floor":["M","M","M","?","M","R","E","R","T","E","?","M","E","M","R","B",null,"M","?","?","$","?","R","E","M","T","E"],"character_chosen":"IRONCLAD","items_purchased":["Membership Card"],"campfire_rested":0,"item_purchase_floors":[21],"current_hp_per_floor":[67,65,69,69,57,57,38,38,38,8,8,8,28,34,34,24,62,38,38,38,38,38,38,38,31,31,0],"gold":64,"neow_bonus":"RANDOM_COLORLESS_2","is_prod":false,"is_daily":false,"chose_seed":false,"campfire_upgraded":4,"win_rate":0,"timestamp":1702270314,"path_taken":["M","M","M","?","M","R","E","R","T","E","?","M","E","M","R","BOSS","M","?","?","$","?","R","E","M","T","E"],"build_version":"2022-12-18","purchased_purges":1,"victory":false,"max_hp_per_floor":[75,75,75,75,75,75,75,75,75,75,75,75,75,75,75,75,75,75,75,75,75,75,75,75,75,75,75],"card_choices":[{"not_picked":["Secret Technique","Mayhem"],"picked":"Secret Weapon","floor":0},{"not_picked":["Pommel Strike","Headbutt"],"picked":"Flame Barrier","floor":1},{"not_picked":["Iron Wave","True Grit"],"picked":"Pommel Strike","floor":2},{"not_picked":["Body Slam","Heavy Blade"],"picked":"Armaments","floor":3},{"not_picked":["Flex","Warcry","Iron Wave"],"picked":"SKIP","floor":5},{"not_picked":["Dual Wield","Body Slam"],"picked":"Shrug It Off","floor":7},{"not_picked":["Juggernaut","Body Slam"],"picked":"Power Through","floor":10},{"not_picked":["Hemokinesis","Clothesline"],"picked":"Pommel Strike","floor":12},{"not_picked":["Dropkick","Pommel Strike"],"picked":"Disarm","floor":13},{"not_picked":["Iron Wave","Clash","Sword Boomerang"],"picked":"SKIP","floor":14},{"not_picked":["Barricade","Juggernaut"],"picked":"Bludgeon","floor":16},{"not_picked":["Body Slam","Rage"],"picked":"Disarm+1","floor":18},{"not_picked":["Clash","Cleave","Fire Breathing"],"picked":"SKIP","floor":24},{"not_picked":["Flex","Shrug It Off"],"picked":"Pummel","floor":25}],"player_experience":965739,"relics_obtained":[{"floor":7,"key":"Akabeko"},{"floor":9,"key":"Kunai"},{"floor":10,"key":"StrikeDummy"},{"floor":13,"key":"PreservedInsect"},{"floor":24,"key":"Bottled Tornado"},{"floor":26,"key":"Shuriken"}],"event_choices":[{"damage_healed":0,"gold_gain":0,"player_choice":"Ignored","damage_taken":0,"max_hp_gain":0,"max_hp_loss":0,"event_name":"Liars Game","floor":4,"gold_loss":0},{"damage_healed":0,"gold_gain":0,"cards_transformed":["Strike_R"],"player_choice":"Change","damage_taken":0,"max_hp_gain":0,"max_hp_loss":0,"event_name":"Living Wall","floor":11,"gold_loss":0,"cards_obtained":["Feel No Pain"]},{"cards_removed":["Strike_R"],"damage_healed":0,"gold_gain":0,"player_choice":"Gave Gold","damage_taken":0,"max_hp_gain":0,"max_hp_loss":0,"event_name":"Beggar","floor":19,"gold_loss":75},{"damage_healed":0,"gold_gain":0,"player_choice":"Ignored","damage_taken":0,"max_hp_gain":0,"max_hp_loss":0,"event_name":"Vampires","floor":20,"gold_loss":0},{"damage_healed":0,"gold_gain":0,"cards_transformed":["Strike_R"],"player_choice":"Transformed","damage_taken":0,"max_hp_gain":0,"max_hp_loss":0,"event_name":"Transmorgrifier","floor":22,"gold_loss":0,"cards_obtained":["Shockwave"]}],"is_beta":false,"boss_relics":[{"not_picked":["Runic Cube","Empty Cage"],"picked":"Velvet Choker"}],"items_purged_floors":[21],"is_endless":false,"potions_floor_spawned":[2,3,13,18],"killed_by":"Gremlin Leader","ascension_level":17}