{"gold_per_floor":[14,25,42,117,129,129,129,161,161,177,177,189,86,115,115,193,193,203,216,216,35,35,35,70,85,85,285,312,312,16,51,51,51],"floor_reached":33,"playtime":2199,"items_purged":["Strike_R","Defend_R","Strike_R"],"score":658,"play_id":"2a6384a8-1cb5-44e7-bc3c-8a8d1d75026a","local_time":"20231207205901","is_ascension_mode":true,"campfire_choices":[{"data":"Uppercut","floor":7,"key":"SMITH"},{"data":"Feed","floor":11,"key":"SMITH"},{"data":"Flame Barrier","floor":15,"key":"SMITH"},{"data":"Dark Embrace","floor":23,"key":"SMITH"},{"data":"Feel No Pain","floor":29,"key":"SMITH"},{"data":"True Grit","floor":32,"key":"SMITH"}],"neow_cost":"NO_GOLD","seed_source_timestamp":1942934417649400,"circlet_count":0,"master_deck":["AscendersBane","Strike_R","Defend_R+1","Defend_R","Bash","Uppercut+1","Armaments+1","Flame Barrier+1","Headbutt","Feed+1","Battle Trance","Shrug It Off","Exhume","True Grit+1","Dark Embrace+1","Body Slam","Sword Boomerang","Feel No Pain+1","Offering","Headbutt+1","Armaments","Second Wind+1"],"relics":["Burning Blood","Incense Burner","Pocketwatch","InkBottle","Runic Dome","Pen Nib","Shuriken","Oddly Smooth Stone","Orrery","Boot"],"potions_floor_usage":[3,5,24,28],"damage_taken":[{"damage":13,"enemies":"Jaw Worm","floor":1,"turns":4},{"damage":2,"enemies":"2 Louse","floor":2,"turns":3},{"damage":0,"enemies":"Small Slimes","floor":3,"turns":4},{"damage":14,"enemies":"Exordium Thugs","floor":5,"turns":4},{"damage":8,"enemies":"Lagavulin","floor":8,"turns":12},{"damage":3,"enemies":"Looter","floor":10,"turns":3},{"damage":2,"enemies":"3 Louse","floor":12,"turns":7},{"damage":13,"enemies":"Gremlin Nob","floor":14,"turns":4},{"damage":26,"enemies":"Slime Boss","floor":16,"turns":15},{"damage":0,"enemies":"Shell Parasite","floor":18,"turns":5},{"damage":3,"enemies":"2 Thieves","floor":19,"turns":4},{"damage":40,"enemies":"Gremlin Leader","floor":24,"turns":11},{"damage":3,"enemies":"Sentry and Sphere","floor":25,"turns":9},{"damage":37,"enemies":"Slavers","floor":28,"turns":7},{"damage":19,"enemies":"Gremlin Leader","floor":31,"turns":6},{"damage":111,"enemies":"Automaton","floor":33,"turns":12}],"seed_played":"5965645039540766836","potions_obtained":[{"floor":1,"key":"Fire Potion"},{"floor":3,"key":"Fruit Juice"},{"floor":8,"key":"LiquidBronze"},{"floor":10,"key":"FairyPotion"},{"floor":19,"key":"LiquidMemories"},{"floor":25,"key":"Strength Potion"}],"is_trial":false,"path_per_floor":["M","M","M","?","M","?","R","E","T","M","R","M","$","E","R","B",null,"M","M","?","$","?","R","E","M","T","?","E","R","$","E","R","B"],"character_chosen":"IRONCLAD","items_purchased":["Shrug It Off","Dark Embrace","Orrery"],"campfire_rested":0,"item_purchase_floors":[13,21,30],"current_hp_per_floor":[61,65,76,65,57,33,33,31,31,34,34,42,42,39,39,23,75,85,92,92,92,92,92,62,73,73,73,50,50,50,37,37,0],"gold":51,"neow_bonus":"REMOVE_TWO","is_prod":false,"is_daily":false,"chose_seed":false,"campfire_upgraded":6,"win_rate":0,"timestamp":1702011541,"path_taken":["M","M","M","?","M","?","R","E","T","M","R","M","$","E","R","BOSS","M","M","?","$","?","R","E","M","T","?","E","R","$","E","R","BOSS"],"build_version":"2022-12-18","purchased_purges":3,"victory":false,"max_hp_per_floor":[75,75,80,80,80,80,80,80,80,80,80,84,84,88,88,92,92,96,100,100,100,100,100,104,112,112,112,120,120,120,120,120,120],"card_choices":[{"not_picked":["Dual Wield","Dropkick"],"picked":"Uppercut","floor":1},{"not_picked":["Bloodletting","Warcry"],"picked":"Armaments","floor":2},{"not_picked":["Evolve","Armaments"],"picked":"Flame Barrier","floor":3},{"not_picked":["Perfected Strike","Fire Breathing","Combust"],"picked":"SKIP","floor":5},{"not_picked":["Thunderclap","Armaments"],"picked":"Headbutt","floor":8},{"not_picked":["Flex","Blood for Blood"],"picked":"Feed","floor":10},{"not_picked":["Iron Wave","Ghostly Armor"],"picked":"Battle Trance","floor":12},{"not_picked":["Uppercut","Flex","Fire Breathing"],"picked":"SKIP","floor":14},{"not_picked":["Uppercut","Flex","Fire Breathing"],"picked":"SKIP","floor":14},{"not_picked":["Juggernaut","Brutality"],"picked":"Exhume","floor":16},{"not_picked":["Wild Strike","Armaments","Fire Breathing"],"picked":"SKIP","floor":18},{"not_picked":["Anger","Heavy Blade"],"picked":"True Grit","floor":19},{"not_picked":["Warcry","Iron Wave"],"picked":"Body Slam","floor":24},{"not_picked":["Wild Strike","Perfected Strike"],"picked":"Sword Boomerang","floor":25},{"not_picked":["Berserk","Iron Wave"],"picked":"Feel No Pain","floor":28},{"not_picked":["Headbutt","Uppercut"],"picked":"Offering","floor":30},{"not_picked":["Armaments","Twin Strike"],"picked":"Headbutt+1","floor":30},{"not_picked":["Headbutt","Cleave"],"picked":"Armaments","floor":30},{"not_picked":["Flex+1","Reckless Charge"],"picked":"Second Wind+1","floor":31}],"player_experience":939225,"relics_obtained":[{"floor":8,"key":"Incense Burner"},{"floor":9,"key":"Pocketwatch"},{"floor":14,"key":"InkBottle"},{"floor":24,"key":"Pen Nib"},{"floor":26,"key":"Shuriken"},{"floor":28,"key":"Oddly Smooth Stone"},{"floor":31,"key":"Boot"}],"event_choices":[{"damage_healed":0,"gold_gain":75,"player_choice":"Gather Gold","damage_taken":11,"max_hp_gain":0,"max_hp_loss":0,"event_name":"World of Goop","floor":4,"gold_loss":0},{"damage_healed":0,"gold_gain":0,"player_choice":"Entered Light","damage_taken":24,"max_hp_gain":0,"max_hp_loss":0,"event_name":"Shining Light","floor":6,"gold_loss":0,"cards_upgraded":["Defend_R","Armaments"]},{"cards_removed":["Strike_R"],"damage_healed":0,"gold_gain":0,"player_choice":"Elegance","damage_taken":0,"max_hp_gain":0,"max_hp_loss":0,"event_name":"Back to Basics","floor":20,"gold_loss":0},{"damage_healed":0,"gold_gain":200,"player_choice":"Gold","damage_taken":0,"max_hp_gain":0,"max_hp_loss":0,"event_name":"Wheel of Change","floor":27,"gold_loss":0}],"is_beta":false,"boss_relics":[{"not_picked":["Runic Pyramid","Calling Bell"],"picked":"Runic Dome"}],"items_purged_floors":[13,21,30],"is_endless":false,"potions_floor_spawned":[1,3,8,10,19,25],"killed_by":"Automaton","ascension_level":16}