{"gold_per_floor":[366,366,49,66,86,86,113,113,113,124,151,151,151,164,164,257,257,273,289,304,304,328,328,367,367,367,398,398,441,172,188,188,281,281,299,322,322,322,338,338,381,381,381,415,6,6,20,89,89,89,89,89,32,75,75],"floor_reached":56,"playtime":3597,"items_purged":["Shame","Strike_R+1","Pain"],"score":2386,"play_id":"c9a66313-4b02-4b2f-a7e5-2a07f19b0426","local_time":"20231217231627","is_ascension_mode":true,"campfire_choices":[{"data":"Fiend Fire","floor":6.0,"key":"SMITH"},{"data":"Bash","floor":8.0,"key":"SMITH"},{"data":"Pommel Strike","floor":13.0,"key":"SMITH"},{"data":"Carnage","floor":15.0,"key":"SMITH"},{"data":"True Grit","floor":23.0,"key":"SMITH"},{"floor":32.0,"key":"REST"},{"data":"Burning Pact","floor":40.0,"key":"SMITH"},{"data":"Burning Pact","floor":42.0,"key":"SMITH"},{"data":"True Grit","floor":46.0,"key":"SMITH"},{"floor":49.0,"key":"RECALL"},{"data":"Dual Wield","floor":52.0,"key":"SMITH"}],"neow_cost":"CURSE","seed_source_timestamp":389116467045000,"circlet_count":0,"master_deck":["AscendersBane","Bash+1","Pommel Strike+1","Fiend Fire+1","Evolve","Carnage+1","Impervious","Corruption+1","Burning Pact+1","True Grit+1","Feel No Pain+1","Shrug It Off","Exhume","Burning Pact+1","Demon Form+1","Flame Barrier","Disarm","Impervious","Bludgeon","Entrench","True Grit+1","Dark Embrace+1","Dual Wield+1","Ghostly Armor","Infernal Blade","Impervious","True Grit+1","Dark Shackles","Panacea","Dark Shackles","Battle Trance","Sword Boomerang"],"special_seed":0,"relics":["Burning Blood","Frozen Eye","Paper Frog","Mummified Hand","Frozen Egg 2","Golden Idol","Cursed Key","Toy Ornithopter","Regal Pillow","Thread and Needle","Pandora\u0027s Box","Bronze Scales","Pear","Eternal Feather","Gambling Chip"],"potions_floor_usage":[55],"damage_taken":[{"damage":18.0,"enemies":"Jaw Worm","floor":1.0,"turns":7.0},{"damage":2.0,"enemies":"Small Slimes","floor":4.0,"turns":4.0},{"damage":0.0,"enemies":"Cultist","floor":5.0,"turns":3.0},{"damage":8.0,"enemies":"Gremlin Nob","floor":7.0,"turns":3.0},{"damage":22.0,"enemies":"Exordium Thugs","floor":10.0,"turns":3.0},{"damage":7.0,"enemies":"3 Sentries","floor":11.0,"turns":7.0},{"damage":0.0,"enemies":"Blue Slaver","floor":14.0,"turns":3.0},{"damage":13.0,"enemies":"Hexaghost","floor":16.0,"turns":6.0},{"damage":18.0,"enemies":"Shell Parasite","floor":18.0,"turns":5.0},{"damage":11.0,"enemies":"2 Thieves","floor":19.0,"turns":2.0},{"damage":10.0,"enemies":"Centurion and Healer","floor":20.0,"turns":4.0},{"damage":0.0,"enemies":"Sentry and Sphere","floor":22.0,"turns":6.0},{"damage":0.0,"enemies":"Gremlin Leader","floor":24.0,"turns":6.0},{"damage":24.0,"enemies":"Slavers","floor":27.0,"turns":8.0},{"damage":22.0,"enemies":"Book of Stabbing","floor":29.0,"turns":5.0},{"damage":0.0,"enemies":"Chosen and Byrds","floor":31.0,"turns":5.0},{"damage":0.0,"enemies":"Champ","floor":33.0,"turns":12.0},{"damage":22.0,"enemies":"3 Shapes","floor":35.0,"turns":3.0},{"damage":0.0,"enemies":"Orb Walker","floor":36.0,"turns":2.0},{"damage":8.0,"enemies":"Sphere and 2 Shapes","floor":39.0,"turns":8.0},{"damage":0.0,"enemies":"Nemesis","floor":41.0,"turns":5.0},{"damage":45.0,"enemies":"Giant Head","floor":44.0,"turns":7.0},{"damage":0.0,"enemies":"Writhing Mass","floor":47.0,"turns":5.0},{"damage":13.0,"enemies":"2 Orb Walkers","floor":48.0,"turns":4.0},{"damage":0.0,"enemies":"Time Eater","floor":50.0,"turns":10.0},{"damage":2.0,"enemies":"Shield and Spear","floor":54.0,"turns":8.0},{"damage":17,"enemies":"The Heart","floor":55,"turns":8}],"seed_played":"-2478087324968992814","potions_obtained":[{"floor":1.0,"key":"Energy Potion"},{"floor":4.0,"key":"FearPotion"},{"floor":7.0,"key":"ColorlessPotion"},{"floor":14.0,"key":"HeartOfIron"},{"floor":18.0,"key":"PowerPotion"},{"floor":22.0,"key":"SpeedPotion"},{"floor":24.0,"key":"Explosive Potion"},{"floor":31.0,"key":"Weak Potion"},{"floor":41.0,"key":"Energy Potion"},{"floor":44.0,"key":"GamblersBrew"}],"is_trial":false,"path_per_floor":["M","?","$","M","M","R","E","R","T","M","E","?","R","M","R","B",null,"M","M","M","?","M","R","E","?","T","E","?","E","$","M","R","B",null,"M","M","?","?","M","R","E","R","T","E","$","R","M","?","R","B",null,"R","$","E","B",null],"character_chosen":"IRONCLAD","items_purchased":["Fiend Fire","Frozen Eye","Flame Barrier","Disarm","Eternal Feather","Energy Potion"],"campfire_rested":1,"item_purchase_floors":[3,3,30,30,45,53],"current_hp_per_floor":[56,33,33,37,43,43,41,41,41,25,24,24,24,30,30,23,57,45,40,36,36,42,42,48,48,48,35,35,19,19,25,60,66,68,52,58,58,48,46,46,52,52,52,28,28,46,52,45,63,74,77,78,78,78,72],"gold":75,"neow_bonus":"TWO_FIFTY_GOLD","is_prod":false,"is_daily":false,"chose_seed":false,"campfire_upgraded":9,"win_rate":0,"timestamp":1702883787,"path_taken":["M","?","$","M","M","R","E","R","T","M","E","?","R","M","R","BOSS","M","M","M","?","?","R","E","?","T","E","?","E","$","M","R","BOSS","M","M","?","?","M","R","E","R","T","E","$","R","M","?","R","BOSS","R","$","E","BOSS"],"build_version":"2022-12-18","purchased_purges":3,"victory":true,"max_hp_per_floor":[75,75,75,75,75,75,75,75,75,75,75,68,68,68,68,68,68,68,68,68,68,68,68,68,68,68,68,68,68,68,68,68,68,68,68,68,68,68,68,68,68,68,68,78,78,78,78,78,78,78,78,78,78,78,78],"card_choices":[{"not_picked":["Warcry","Thunderclap"],"picked":"Pommel Strike","floor":1.0},{"not_picked":["Wild Strike","Havoc"],"picked":"Shrug It Off","floor":4.0},{"not_picked":["Flex","Sentinel","Cleave"],"picked":"SKIP","floor":5.0},{"not_picked":["Metallicize","Wild Strike"],"picked":"Evolve","floor":7.0},{"not_picked":["True Grit","Iron Wave"],"picked":"Carnage","floor":10.0},{"not_picked":["Clash","Iron Wave"],"picked":"Impervious","floor":11.0},{"not_picked":["Cleave","Wild Strike","Thunderclap"],"picked":"SKIP","floor":14.0},{"not_picked":["Demon Form+1","Berserk+1"],"picked":"Corruption+1","floor":16.0},{"not_picked":["Dual Wield","Clash"],"picked":"Burning Pact","floor":18.0},{"not_picked":["Headbutt","Thunderclap"],"picked":"True Grit","floor":19.0},{"not_picked":["Headbutt","Feed"],"picked":"Feel No Pain+1","floor":20.0},{"not_picked":["Iron Wave","Cleave"],"picked":"Shrug It Off","floor":22.0},{"not_picked":["Infernal Blade","Brutality+1"],"picked":"Exhume","floor":24.0},{"not_picked":["Heavy Blade","Infernal Blade","Carnage"],"picked":"SKIP","floor":27.0},{"not_picked":["Brutality+1","Havoc"],"picked":"Demon Form+1","floor":29.0},{"not_picked":["Perfected Strike","Headbutt","Body Slam"],"picked":"SKIP","floor":31.0},{"not_picked":["Limit Break","Brutality+1"],"picked":"Impervious","floor":33.0},{"not_picked":["Twin Strike","Pommel Strike","Flame Barrier"],"picked":"SKIP","floor":35.0},{"not_picked":["Twin Strike","Wild Strike"],"picked":"True Grit+1","floor":36.0},{"not_picked":["Dramatic Entrance","Flash of Steel"],"picked":"Dark Shackles","floor":38.0},{"not_picked":["Discovery","Bandage Up"],"picked":"Panacea","floor":38.0},{"not_picked":["Trip","Mayhem+1"],"picked":"Dark Shackles","floor":38.0},{"not_picked":["Flex","Thunderclap","Clothesline+1"],"picked":"SKIP","floor":39.0},{"not_picked":["Spot Weakness","Clash+1","Fiend Fire"],"picked":"SKIP","floor":41.0},{"not_picked":["Searing Blow","Dropkick+1","Iron Wave"],"picked":"SKIP","floor":44.0},{"not_picked":["Reckless Charge","Iron Wave+1"],"picked":"Battle Trance","floor":47.0},{"not_picked":["Ghostly Armor+1","Feed"],"picked":"Sword Boomerang","floor":54}],"player_experience":1019203,"relics_obtained":[{"floor":7.0,"key":"Paper Frog"},{"floor":9.0,"key":"Mummified Hand"},{"floor":11.0,"key":"Frozen Egg 2"},{"floor":24.0,"key":"Toy Ornithopter"},{"floor":27.0,"key":"Regal Pillow"},{"floor":29.0,"key":"Thread and Needle"},{"floor":41.0,"key":"Bronze Scales"},{"floor":44.0,"key":"Pear"},{"floor":48.0,"key":"Gambling Chip"}],"event_choices":[{"damage_healed":0.0,"max_hp_gain":0.0,"max_hp_loss":0.0,"gold_gain":0.0,"event_name":"Shining Light","player_choice":"Entered Light","floor":2.0,"gold_loss":0.0,"damage_taken":23.0,"cards_upgraded":["Defend_R","Strike_R"]},{"damage_healed":0.0,"max_hp_gain":0.0,"max_hp_loss":7.0,"gold_gain":0.0,"event_name":"Golden Idol","player_choice":"Lose Max HP","floor":12.0,"gold_loss":0.0,"damage_taken":0.0,"relics_obtained":["Golden Idol"]},{"damage_healed":0.0,"max_hp_gain":0.0,"max_hp_loss":0.0,"gold_gain":0.0,"event_name":"FaceTrader","player_choice":"Leave","floor":21.0,"gold_loss":0.0,"damage_taken":0.0},{"damage_healed":0.0,"max_hp_gain":0.0,"max_hp_loss":0.0,"gold_gain":0.0,"event_name":"The Library","player_choice":"Read","floor":25.0,"gold_loss":0.0,"damage_taken":0.0,"cards_obtained":["Burning Pact"]},{"damage_healed":0.0,"max_hp_gain":0.0,"max_hp_loss":0.0,"gold_gain":0.0,"event_name":"Back to Basics","player_choice":"Simplicity","floor":28.0,"gold_loss":0.0,"damage_taken":0.0,"cards_upgraded":["Strike_R","Strike_R","Strike_R","Strike_R","Defend_R","Defend_R","Defend_R"]},{"cards_removed":["Shrug It Off"],"damage_healed":0.0,"max_hp_gain":0.0,"max_hp_loss":0.0,"gold_gain":0.0,"event_name":"Falling","player_choice":"Removed Skill","floor":37.0,"gold_loss":0.0,"damage_taken":0.0},{"damage_healed":0.0,"max_hp_gain":0.0,"max_hp_loss":0.0,"gold_gain":0.0,"event_name":"SensoryStone","player_choice":"Memory 3","floor":38.0,"gold_loss":0.0,"damage_taken":10.0},{"damage_healed":0.0,"max_hp_gain":0.0,"max_hp_loss":0.0,"gold_gain":0.0,"event_name":"Mysterious Sphere","player_choice":"Fight","floor":48.0,"gold_loss":0.0,"damage_taken":0.0}],"is_beta":false,"boss_relics":[{"not_picked":["Runic Dome","SacredBark"],"picked":"Cursed Key"},{"not_picked":["Calling Bell","Black Blood"],"picked":"Pandora\u0027s Box"}],"items_purged_floors":[3,30,45],"is_endless":false,"potions_floor_spawned":[1,4,7,14,18,22,24,31,36,41,44,47],"ascension_level":18}