{"gold_per_floor":[20,40,40,40,54,54,64,83,138,166,176,186,186,214,214,291,291,308,150,166,193,118,118,150,167,167,187,187,199,209,222,222,298,298,318,363,37,49,66,94,110,437,437,437,450,450,476,491,491,491,491,491,146,177,177],"floor_reached":56,"playtime":3865,"items_purged":["Bash","Strike_R+1","Bloodletting"],"score":2221,"play_id":"914194e2-6ddb-4967-865c-ef29a2a40a1b","local_time":"20231210225816","is_ascension_mode":true,"campfire_choices":[{"data":"Iron Wave","floor":6,"key":"SMITH"},{"data":"Armaments","floor":13,"key":"SMITH"},{"data":"Juggernaut","floor":15,"key":"SMITH"},{"data":"Feed","floor":23,"key":"SMITH"},{"data":"Barricade","floor":28,"key":"SMITH"},{"data":"Entrench","floor":32,"key":"SMITH"},{"floor":46,"key":"RECALL"},{"data":"Battle Trance","floor":49,"key":"SMITH"},{"floor":52,"key":"REST"}],"neow_cost":"NO_GOLD","seed_source_timestamp":250544883224500,"circlet_count":0,"master_deck":["AscendersBane","Defend_R","Defend_R","Defend_R","Defend_R","Juggernaut+1","Barricade+1","Battle Trance","Shrug It Off","Iron Wave+1","Battle Trance+1","Iron Wave","Armaments+1","Shrug It Off","Offering","Feed+1","Body Slam+1","Flame Barrier","Disarm","Entrench+1","Headbutt","Shrug It Off+1","Battle Trance+1"],"relics":["Burning Blood","Orichalcum","Question Card","Whetstone","Velvet Choker","Red Mask","Art of War","Turnip","SacredBark","StoneCalendar","OrangePellets","Mango","Old Coin","Bag of Marbles","Orrery","Boot"],"potions_floor_usage":[8,10,16,21,27,31,33,36,45,55,55],"damage_taken":[{"damage":16,"enemies":"Jaw Worm","floor":1,"turns":6},{"damage":2,"enemies":"2 Louse","floor":2,"turns":4},{"damage":10,"enemies":"Small Slimes","floor":5,"turns":4},{"damage":11,"enemies":"Exordium Thugs","floor":7,"turns":5},{"damage":0,"enemies":"Gremlin Gang","floor":8,"turns":5},{"damage":42,"enemies":"Gremlin Nob","floor":10,"turns":6},{"damage":2,"enemies":"3 Louse","floor":11,"turns":5},{"damage":4,"enemies":"2 Fungi Beasts","floor":12,"turns":4},{"damage":0,"enemies":"Lagavulin","floor":14,"turns":7},{"damage":14,"enemies":"The Guardian","floor":16,"turns":11},{"damage":6,"enemies":"3 Byrds","floor":18,"turns":6},{"damage":5,"enemies":"Spheric Guardian","floor":20,"turns":5},{"damage":22,"enemies":"Masked Bandits","floor":21,"turns":3},{"damage":20,"enemies":"Slavers","floor":24,"turns":9},{"damage":6,"enemies":"Centurion and Healer","floor":25,"turns":6},{"damage":12,"enemies":"3 Cultists","floor":27,"turns":6},{"damage":10,"enemies":"Shelled Parasite and Fungi","floor":29,"turns":6},{"damage":3,"enemies":"Snake Plant","floor":30,"turns":10},{"damage":0,"enemies":"3 Cultists","floor":31,"turns":7},{"damage":23,"enemies":"Champ","floor":33,"turns":7},{"damage":6,"enemies":"3 Shapes","floor":35,"turns":7},{"damage":55,"enemies":"2 Orb Walkers","floor":36,"turns":5},{"damage":3,"enemies":"3 Darklings","floor":38,"turns":7},{"damage":0,"enemies":"Writhing Mass","floor":39,"turns":7},{"damage":6,"enemies":"Nemesis","floor":40,"turns":9},{"damage":3,"enemies":"Spire Growth","floor":41,"turns":6},{"damage":56,"enemies":"Reptomancer","floor":42,"turns":10},{"damage":11,"enemies":"Jaw Worm Horde","floor":45,"turns":6},{"damage":7,"enemies":"Nemesis","floor":47,"turns":11},{"damage":19,"enemies":"4 Shapes","floor":48,"turns":7},{"damage":17,"enemies":"Time Eater","floor":50,"turns":13},{"damage":12,"enemies":"Shield and Spear","floor":54,"turns":7},{"damage":44,"enemies":"The Heart","floor":55,"turns":8}],"seed_played":"2125525388306593702","potions_obtained":[{"floor":1,"key":"ColorlessPotion"},{"floor":8,"key":"PowerPotion"},{"floor":11,"key":"BlessingOfTheForge"},{"floor":14,"key":"BloodPotion"},{"floor":16,"key":"BlessingOfTheForge"},{"floor":20,"key":"Fire Potion"},{"floor":24,"key":"ColorlessPotion"},{"floor":29,"key":"EssenceOfSteel"},{"floor":31,"key":"Dexterity Potion"},{"floor":33,"key":"SkillPotion"},{"floor":42,"key":"Regen Potion"}],"is_trial":false,"path_per_floor":["M","M","?","?","M","R","M","M","T","E","M","M","R","E","R","B",null,"M","$","M","?","?","R","E","M","T","M","R","M","M","M","R","B",null,"M","?","$","M","M","E","M","E","T","?","M","R","E","M","R","B",null,"R","$","E","B",null],"character_chosen":"IRONCLAD","items_purchased":["Bloodletting","OrangePellets","PowerPotion","Swift Potion","Orrery"],"campfire_rested":1,"item_purchase_floors":[19,37,37,53,53],"current_hp_per_floor":[58,62,67,60,56,56,51,57,57,21,25,27,27,33,33,25,66,70,70,75,62,62,62,52,56,56,54,54,54,61,94,94,81,110,114,69,69,72,78,92,95,45,45,45,80,80,83,74,74,63,122,142,142,136,98],"gold":177,"neow_bonus":"TRANSFORM_TWO_CARDS","is_prod":false,"is_daily":false,"chose_seed":false,"campfire_upgraded":7,"win_rate":0,"timestamp":1702277896,"path_taken":["M","M","?","?","M","R","M","M","T","E","M","M","R","E","R","BOSS","M","$","M","?","?","R","E","M","T","?","R","M","?","M","R","BOSS","M","?","$","M","M","E","M","E","T","?","M","R","E","M","R","BOSS","R","$","E","BOSS"],"build_version":"2022-12-18","purchased_purges":3,"victory":true,"max_hp_per_floor":[75,75,80,80,80,80,80,80,80,80,80,80,80,80,80,80,80,84,84,88,91,91,91,95,99,99,103,103,107,111,115,115,119,119,123,127,127,127,127,141,141,141,141,134,134,134,138,142,142,142,142,142,142,142,142],"card_choices":[{"not_picked":["Perfected Strike","Havoc"],"picked":"Battle Trance","floor":1},{"not_picked":["Ghostly Armor","Shockwave"],"picked":"Shrug It Off","floor":2},{"not_picked":["Clash","Sever Soul"],"picked":"Iron Wave","floor":5},{"not_picked":["Heavy Blade","Burning Pact","Havoc"],"picked":"SKIP","floor":7},{"not_picked":["Pommel Strike","Spot Weakness"],"picked":"Battle Trance","floor":8},{"not_picked":["Hemokinesis","Warcry"],"picked":"Iron Wave","floor":10},{"not_picked":["Exhume","Flex","Thunderclap"],"picked":"Armaments","floor":11},{"not_picked":["Havoc","Clothesline","Iron Wave"],"picked":"Shrug It Off","floor":12},{"not_picked":["Sever Soul","Armaments","Headbutt"],"picked":"Offering","floor":14},{"not_picked":["Barricade","Bludgeon","Double Tap"],"picked":"Feed","floor":16},{"not_picked":["Headbutt","Warcry","Perfected Strike+1","Infernal Blade"],"picked":"SKIP","floor":18},{"not_picked":["Entrench","Sword Boomerang","Burning Pact"],"picked":"Body Slam+1","floor":20},{"not_picked":["Demon Form","Armaments","Wild Strike+1"],"picked":"Flame Barrier","floor":24},{"not_picked":["Havoc","Spot Weakness+1","Dark Embrace+1"],"picked":"Disarm","floor":25},{"not_picked":["Fire Breathing","Havoc","Rampage+1","Wild Strike+1"],"picked":"SKIP","floor":27},{"not_picked":["Iron Wave","Twin Strike","Pommel Strike","Ghostly Armor"],"picked":"SKIP","floor":29},{"not_picked":["Iron Wave","Sword Boomerang+1","Twin Strike"],"picked":"Entrench","floor":30},{"not_picked":["Headbutt","Anger","Sword Boomerang","Barricade"],"picked":"SKIP","floor":31},{"not_picked":["Anger","Sword Boomerang","Barricade"],"picked":"Headbutt","floor":31},{"not_picked":["Sword Boomerang+1","Wild Strike","Sever Soul","True Grit"],"picked":"SKIP","floor":35},{"not_picked":["Armaments","Thunderclap","Blood for Blood+1"],"picked":"Shrug It Off+1","floor":36},{"not_picked":["Flame Barrier","Searing Blow+1","Flex","Heavy Blade+1"],"picked":"SKIP","floor":38},{"not_picked":["Clash","Spot Weakness+1","Rupture","Searing Blow"],"picked":"SKIP","floor":39},{"not_picked":["Burning Pact","Pummel+1","Bloodletting"],"picked":"Battle Trance+1","floor":40},{"not_picked":["Pummel+1","Thunderclap+1","Uppercut","Inflame"],"picked":"SKIP","floor":41},{"not_picked":["Whirlwind","Anger","Warcry","Clash"],"picked":"SKIP","floor":42},{"not_picked":["Havoc+1","Dark Embrace+1","Uppercut","Heavy Blade"],"picked":"SKIP","floor":45},{"not_picked":["Body Slam","Rage","Exhume","Rupture+1"],"picked":"SKIP","floor":47},{"not_picked":["Spot Weakness","Thunderclap","Seeing Red+1","Shrug It Off"],"picked":"SKIP","floor":48},{"not_picked":["Whirlwind","Cleave","Body Slam+1","Offering"],"picked":"SKIP","floor":54}],"player_experience":966874,"relics_obtained":[{"floor":9,"key":"Orichalcum"},{"floor":10,"key":"Question Card"},{"floor":14,"key":"Whetstone"},{"floor":21,"key":"Red Mask"},{"floor":24,"key":"Art of War"},{"floor":26,"key":"Turnip"},{"floor":36,"key":"StoneCalendar"},{"floor":40,"key":"Mango"},{"floor":42,"key":"Old Coin"},{"floor":47,"key":"Bag of Marbles"},{"floor":54,"key":"Boot"}],"event_choices":[{"damage_healed":0,"gold_gain":0,"player_choice":"Donut","damage_taken":0,"max_hp_gain":5,"max_hp_loss":0,"event_name":"Big Fish","floor":3,"gold_loss":0},{"cards_removed":["Strike_R"],"damage_healed":0,"gold_gain":0,"player_choice":"Card Removal","damage_taken":7,"max_hp_gain":0,"max_hp_loss":0,"event_name":"Golden Wing","floor":4,"gold_loss":0},{"damage_healed":0,"gold_gain":0,"player_choice":"Fought Bandits","damage_taken":0,"max_hp_gain":0,"max_hp_loss":0,"event_name":"Masked Bandits","floor":21,"gold_loss":0},{"cards_removed":["Strike_R"],"damage_healed":0,"gold_gain":0,"player_choice":"Gave Gold","damage_taken":0,"max_hp_gain":0,"max_hp_loss":0,"event_name":"Beggar","floor":22,"gold_loss":75},{"damage_healed":0,"gold_gain":0,"player_choice":"Fight","damage_taken":0,"max_hp_gain":0,"max_hp_loss":0,"event_name":"Mysterious Sphere","floor":36,"gold_loss":0},{"damage_healed":0,"gold_gain":0,"player_choice":"Max HP","damage_taken":0,"max_hp_gain":0,"max_hp_loss":7,"event_name":"Winding Halls","floor":44,"gold_loss":0}],"is_beta":false,"boss_relics":[{"not_picked":["Empty Cage","Astrolabe"],"picked":"Velvet Choker"},{"not_picked":["Black Star","Black Blood"],"picked":"SacredBark"}],"items_purged_floors":[19,37,53],"is_endless":false,"potions_floor_spawned":[1,8,11,14,16,20,24,29,31,33,35,38,39,42],"ascension_level":17}