{"gold_per_floor":[115,127,146,164,12,12,46,46,70,70,81,131,164,177,177,251,251,269,169,25,40,50,50,50],"floor_reached":24,"playtime":967,"items_purged":["Strike_R","Strike_R"],"score":416,"play_id":"445aba9a-9f2d-4e28-bd82-9bf6b4159713","local_time":"20231230163643","is_ascension_mode":true,"campfire_choices":[{"data":"Carnage","floor":6.0,"key":"SMITH"},{"data":"Rampage","floor":8.0,"key":"SMITH"},{"data":"True Grit","floor":10.0,"key":"SMITH"},{"data":"Bash","floor":15.0,"key":"SMITH"},{"data":"Brutality","floor":23,"key":"SMITH"}],"neow_cost":"TEN_PERCENT_HP_LOSS","seed_source_timestamp":1491054704612100,"circlet_count":0,"master_deck":["AscendersBane","Strike_R","Strike_R","Strike_R","Defend_R","Defend_R","Defend_R","Defend_R","Bash+1","Rampage+1","Headbutt","Carnage+1","Feel No Pain","True Grit+1","Headbutt","Cleave","Feed","Brutality+1","Battle Trance","Rupture","Shrug It Off","Offering"],"special_seed":0,"relics":["Burning Blood","Incense Burner","Vajra","Happy Flower","Bag of Marbles","Philosopher\u0027s Stone"],"potions_floor_usage":[18,24],"damage_taken":[{"damage":14.0,"enemies":"2 Louse","floor":1.0,"turns":5.0},{"damage":7.0,"enemies":"Cultist","floor":2.0,"turns":4.0},{"damage":12.0,"enemies":"Small Slimes","floor":3.0,"turns":3.0},{"damage":5.0,"enemies":"Gremlin Gang","floor":4.0,"turns":4.0},{"damage":3.0,"enemies":"3 Sentries","floor":7.0,"turns":10.0},{"damage":3.0,"enemies":"Exordium Thugs","floor":11.0,"turns":3.0},{"damage":23.0,"enemies":"Lagavulin","floor":13.0,"turns":5.0},{"damage":8.0,"enemies":"Exordium Wildlife","floor":14.0,"turns":6.0},{"damage":21.0,"enemies":"Hexaghost","floor":16.0,"turns":8.0},{"damage":31,"enemies":"3 Byrds","floor":18,"turns":4},{"damage":16,"enemies":"2 Thieves","floor":21,"turns":3},{"damage":20,"enemies":"Chosen and Byrds","floor":22,"turns":6},{"damage":51,"enemies":"Book of Stabbing","floor":24,"turns":3}],"seed_played":"9183898351229061935","potions_obtained":[{"floor":3.0,"key":"Energy Potion"},{"floor":4.0,"key":"ElixirPotion"},{"floor":14.0,"key":"Weak Potion"},{"floor":18,"key":"FairyPotion"}],"is_trial":false,"path_per_floor":["M","M","M","M","$","R","E","R","T","R","M","?","E","M","R","B",null,"M","$","$","M","M","R","E"],"character_chosen":"IRONCLAD","items_purchased":["Feel No Pain","Rupture","Shrug It Off"],"campfire_rested":0,"item_purchase_floors":[5,20,20],"current_hp_per_floor":[60,59,53,54,54,54,57,57,57,57,60,54,37,35,35,20,56,34,34,34,24,10,10,0],"gold":50,"neow_bonus":"ONE_RARE_RELIC","is_prod":false,"is_daily":false,"chose_seed":false,"campfire_upgraded":5,"win_rate":0,"timestamp":1703983003,"path_taken":["M","M","M","M","$","R","E","R","T","R","M","?","E","M","R","BOSS","M","?","$","M","M","R","E"],"build_version":"2022-12-18","purchased_purges":2,"victory":false,"max_hp_per_floor":[68,68,68,68,68,68,68,68,68,68,68,68,68,68,68,68,68,71,71,71,71,71,71,71],"card_choices":[{"not_picked":["Clothesline","Combust"],"picked":"Rampage","floor":1.0},{"not_picked":["Second Wind","Searing Blow"],"picked":"Headbutt","floor":2.0},{"not_picked":["Clash","Thunderclap","Rampage"],"picked":"SKIP","floor":3.0},{"not_picked":["Body Slam","Clothesline"],"picked":"Carnage","floor":4.0},{"not_picked":["Havoc","Carnage"],"picked":"True Grit","floor":7.0},{"not_picked":["Flex","True Grit"],"picked":"Headbutt","floor":11.0},{"not_picked":["True Grit","Sword Boomerang"],"picked":"Cleave","floor":13.0},{"not_picked":["Sword Boomerang","Bloodletting"],"picked":"Feed","floor":14.0},{"not_picked":["Bludgeon","Feed"],"picked":"Brutality","floor":16.0},{"not_picked":["Armaments","Evolve"],"picked":"Battle Trance","floor":18},{"not_picked":["Entrench","Perfected Strike","Pommel Strike"],"picked":"SKIP","floor":21},{"not_picked":["Hemokinesis","Dark Embrace"],"picked":"Offering","floor":22}],"player_experience":1138268,"relics_obtained":[{"floor":7.0,"key":"Vajra"},{"floor":9.0,"key":"Happy Flower"},{"floor":13.0,"key":"Bag of Marbles"}],"event_choices":[{"damage_healed":0.0,"max_hp_gain":0.0,"max_hp_loss":0.0,"gold_gain":50.0,"event_name":"FaceTrader","player_choice":"Touch","floor":12.0,"gold_loss":0.0,"damage_taken":6.0}],"is_beta":false,"boss_relics":[{"not_picked":["SlaversCollar","Black Blood"],"picked":"Philosopher\u0027s Stone"}],"items_purged_floors":[5,19],"is_endless":false,"potions_floor_spawned":[3,4,14,18],"killed_by":"Book of Stabbing","ascension_level":20}