{"gold_per_floor":[113,188,188,23,23,57,67,97,97,97,111,137,154,172,172,246,246,266,266,24,24,39,39,65,65,65,92,110,110,121,154,154,229,229,239,239,102,116,133,133,163,174,174,186,214,214,229,241,241,241,241,241,32,57,57],"floor_reached":56,"playtime":6808,"items_purged":["Strike_R","Strike_R","Bash"],"score":2516,"play_id":"065bed51-cf4d-489c-be71-3b11028c1087","local_time":"20231223213327","is_ascension_mode":true,"campfire_choices":[{"data":"Immolate","floor":10.0,"key":"SMITH"},{"data":"Barricade","floor":15.0,"key":"SMITH"},{"data":"Immolate","floor":23.0,"key":"SMITH"},{"data":"Offering","floor":25.0,"key":"SMITH"},{"data":"Entrench","floor":32.0,"key":"SMITH"},{"data":"Fiend Fire","floor":40.0,"key":"SMITH"},{"floor":46.0,"key":"RECALL"},{"data":"Impervious","floor":49.0,"key":"SMITH"},{"data":"Dark Embrace","floor":52.0,"key":"SMITH"}],"neow_cost":"NONE","seed_source_timestamp":897930027552300,"circlet_count":0,"master_deck":["AscendersBane","Strike_R","Defend_R","Defend_R","Defend_R","Defend_R","Whirlwind","Metallicize","Bash","Shockwave","Dark Embrace+1","Hemokinesis","Immolate+1","Battle Trance","Ghostly Armor","Barricade+1","Immolate+1","Armaments+1","Entrench+1","True Grit+1","Body Slam","Offering+1","Battle Trance","Impervious+1","Fiend Fire+1","Feel No Pain","Seeing Red","Second Wind","Shrug It Off+1"],"special_seed":0,"relics":["Burning Blood","NeowsBlessing","Bag of Preparation","Torii","Ancient Tea Set","Toy Ornithopter","Cursed Key","Orrery","MealTicket","Gremlin Horn","Orichalcum","Runic Pyramid","Du-Vu Doll","Strawberry"],"potions_floor_usage":[55,55],"damage_taken":[{"damage":0.0,"enemies":"Small Slimes","floor":1.0,"turns":1.0},{"damage":0.0,"enemies":"Lagavulin","floor":6.0,"turns":1.0},{"damage":0.0,"enemies":"Cultist","floor":7.0,"turns":1.0},{"damage":47.0,"enemies":"Gremlin Nob","floor":8.0,"turns":5.0},{"damage":2.0,"enemies":"2 Louse","floor":11.0,"turns":2.0},{"damage":2.0,"enemies":"3 Sentries","floor":12.0,"turns":2.0},{"damage":0.0,"enemies":"2 Fungi Beasts","floor":13.0,"turns":2.0},{"damage":0.0,"enemies":"Red Slaver","floor":14.0,"turns":2.0},{"damage":18.0,"enemies":"The Guardian","floor":16.0,"turns":11.0},{"damage":4.0,"enemies":"3 Byrds","floor":18.0,"turns":4.0},{"damage":7.0,"enemies":"Chosen","floor":22.0,"turns":5.0},{"damage":6.0,"enemies":"Slavers","floor":24.0,"turns":1.0},{"damage":30.0,"enemies":"Book of Stabbing","floor":27.0,"turns":6.0},{"damage":10.0,"enemies":"Snake Plant","floor":28.0,"turns":5.0},{"damage":8.0,"enemies":"Sentry and Sphere","floor":30.0,"turns":3.0},{"damage":7.0,"enemies":"Slavers","floor":31.0,"turns":2.0},{"damage":6.0,"enemies":"Champ","floor":33.0,"turns":13.0},{"damage":1.0,"enemies":"Orb Walker","floor":35.0,"turns":2.0},{"damage":0.0,"enemies":"3 Shapes","floor":38.0,"turns":6.0},{"damage":3.0,"enemies":"3 Darklings","floor":39.0,"turns":3.0},{"damage":18.0,"enemies":"Nemesis","floor":41.0,"turns":15.0},{"damage":35.0,"enemies":"Writhing Mass","floor":42.0,"turns":6.0},{"damage":0.0,"enemies":"Jaw Worm Horde","floor":44.0,"turns":2.0},{"damage":2.0,"enemies":"Reptomancer","floor":45.0,"turns":3.0},{"damage":0.0,"enemies":"3 Darklings","floor":47.0,"turns":3.0},{"damage":22.0,"enemies":"Writhing Mass","floor":48.0,"turns":7.0},{"damage":43.0,"enemies":"Time Eater","floor":50.0,"turns":10.0},{"damage":6.0,"enemies":"Shield and Spear","floor":54.0,"turns":6.0},{"damage":24,"enemies":"The Heart","floor":55,"turns":8}],"seed_played":"-4096695253676080558","potions_obtained":[{"floor":1.0,"key":"Energy Potion"},{"floor":8.0,"key":"BloodPotion"},{"floor":11.0,"key":"Dexterity Potion"},{"floor":16.0,"key":"SkillPotion"},{"floor":18.0,"key":"Fire Potion"},{"floor":22.0,"key":"DuplicationPotion"},{"floor":28.0,"key":"Swift Potion"},{"floor":31.0,"key":"Strength Potion"},{"floor":33.0,"key":"PowerPotion"}],"is_trial":false,"path_per_floor":["M","?","?","$","?","E","M","E","T","R","M","E","M","M","R","B",null,"M","?","$","?","M","R","E","R","T","E","M","?","M","E","R","B",null,"M","T","$","M","M","R","E","M","T","M","E","R","M","M","R","B",null,"R","$","E","B",null],"character_chosen":"IRONCLAD","items_purchased":["Bag of Preparation","Orrery","Feel No Pain","GamblersBrew"],"campfire_rested":0,"item_purchase_floors":[4,20,37,53],"current_hp_per_floor":[74,63,63,63,63,69,75,34,34,34,38,42,48,54,54,47,68,70,70,70,70,69,69,74,74,74,50,46,46,44,43,43,43,67,72,72,75,75,75,75,63,34,34,40,44,44,50,34,34,17,61,61,75,82,66],"gold":57,"neow_bonus":"THREE_ENEMY_KILL","is_prod":false,"is_daily":false,"chose_seed":false,"campfire_upgraded":8,"win_rate":0,"timestamp":1703396007,"path_taken":["M","?","?","$","?","E","M","E","T","R","?","E","M","M","R","BOSS","M","?","$","?","M","R","E","R","T","E","M","?","M","E","R","BOSS","M","?","$","M","M","R","E","M","T","?","E","R","M","M","R","BOSS","R","$","E","BOSS"],"build_version":"2022-12-18","purchased_purges":3,"victory":true,"max_hp_per_floor":[75,75,75,75,75,75,75,75,75,75,75,75,75,75,75,75,75,75,75,75,75,75,75,75,75,75,75,75,75,75,75,75,75,75,75,75,75,75,75,75,75,75,75,75,75,75,75,75,75,75,75,75,75,82,82],"card_choices":[{"not_picked":["Combust","Flex"],"picked":"Whirlwind","floor":1.0},{"not_picked":["Havoc","Thunderclap"],"picked":"Dark Embrace","floor":6.0},{"not_picked":["Anger","Reaper"],"picked":"Hemokinesis","floor":7.0},{"not_picked":["Havoc","Sword Boomerang"],"picked":"Immolate","floor":8.0},{"not_picked":["Sever Soul","Power Through","Combust"],"picked":"SKIP","floor":11.0},{"not_picked":["Evolve","Shrug It Off"],"picked":"Battle Trance","floor":12.0},{"not_picked":["Clash","Perfected Strike"],"picked":"Ghostly Armor","floor":13.0},{"not_picked":["Havoc","Metallicize"],"picked":"Barricade","floor":14.0},{"not_picked":["Reaper","Double Tap"],"picked":"Immolate","floor":16.0},{"not_picked":["Power Through","Flex"],"picked":"Armaments+1","floor":18.0},{"not_picked":["Clash","Metallicize"],"picked":"Entrench","floor":20.0},{"not_picked":["Sword Boomerang","Pummel"],"picked":"True Grit+1","floor":20.0},{"not_picked":["Heavy Blade","Carnage"],"picked":"Body Slam","floor":20.0},{"not_picked":["Barricade","Seeing Red","Flex"],"picked":"SKIP","floor":22.0},{"not_picked":["Seeing Red","Shockwave"],"picked":"Battle Trance","floor":24.0},{"not_picked":["Clash","Rampage","Body Slam"],"picked":"SKIP","floor":27.0},{"not_picked":["Havoc","Dark Embrace","Warcry"],"picked":"SKIP","floor":28.0},{"not_picked":["Whirlwind","Sword Boomerang","Havoc"],"picked":"SKIP","floor":30.0},{"not_picked":["Heavy Blade+1","Flex","Sentinel+1"],"picked":"SKIP","floor":31.0},{"not_picked":["Juggernaut","Demon Form"],"picked":"Fiend Fire","floor":33.0},{"not_picked":["Sever Soul","Flex+1","Headbutt"],"picked":"SKIP","floor":35.0},{"not_picked":["Sever Soul","Flex+1","Headbutt"],"picked":"SKIP","floor":35.0},{"not_picked":["Power Through","Shockwave"],"picked":"Seeing Red","floor":38.0},{"not_picked":["Shrug It Off","Warcry"],"picked":"Second Wind","floor":39.0},{"not_picked":["Warcry","Twin Strike","Blood for Blood"],"picked":"SKIP","floor":41.0},{"not_picked":["Headbutt","Fire Breathing","Havoc"],"picked":"SKIP","floor":42.0},{"not_picked":["Headbutt","Fire Breathing","Havoc"],"picked":"SKIP","floor":42.0},{"not_picked":["Headbutt","Fire Breathing","Havoc"],"picked":"SKIP","floor":42.0},{"not_picked":["Spot Weakness","Flame Barrier"],"picked":"Shrug It Off+1","floor":44.0},{"not_picked":["Double Tap","Carnage","Sword Boomerang"],"picked":"SKIP","floor":45.0},{"not_picked":["Anger","Warcry","Sword Boomerang"],"picked":"SKIP","floor":47.0},{"not_picked":["Intimidate","Barricade","Thunderclap"],"picked":"SKIP","floor":48.0},{"not_picked":["Inflame","Flex","Heavy Blade"],"picked":"SKIP","floor":54.0}],"player_experience":1053804,"relics_obtained":[{"floor":6.0,"key":"Torii"},{"floor":8.0,"key":"Ancient Tea Set"},{"floor":12.0,"key":"Toy Ornithopter"},{"floor":24.0,"key":"MealTicket"},{"floor":27.0,"key":"Gremlin Horn"},{"floor":31.0,"key":"Orichalcum"},{"floor":41.0,"key":"Du-Vu Doll"},{"floor":54.0,"key":"Strawberry"}],"event_choices":[{"damage_healed":0.0,"max_hp_gain":0.0,"max_hp_loss":0.0,"gold_gain":75.0,"event_name":"World of Goop","player_choice":"Gather Gold","floor":2.0,"gold_loss":0.0,"damage_taken":11.0},{"damage_healed":0.0,"max_hp_gain":0.0,"max_hp_loss":0.0,"gold_gain":0.0,"cards_transformed":["Strike_R"],"event_name":"Living Wall","player_choice":"Change","floor":3.0,"gold_loss":0.0,"damage_taken":0.0,"cards_obtained":["Metallicize"]},{"damage_healed":0.0,"max_hp_gain":0.0,"max_hp_loss":0.0,"gold_gain":0.0,"event_name":"Match and Keep!","player_choice":"2 cards matched","floor":5.0,"gold_loss":0.0,"damage_taken":0.0,"cards_obtained":["Bash","Shockwave"]},{"damage_healed":0.0,"max_hp_gain":0.0,"max_hp_loss":0.0,"gold_gain":0.0,"event_name":"The Mausoleum","player_choice":"Ignored","floor":19.0,"gold_loss":0.0,"damage_taken":0.0},{"damage_healed":0.0,"max_hp_gain":0.0,"max_hp_loss":0.0,"gold_gain":0.0,"event_name":"The Library","player_choice":"Read","floor":21.0,"gold_loss":0.0,"damage_taken":0.0,"cards_obtained":["Offering"]},{"damage_healed":0.0,"max_hp_gain":0.0,"max_hp_loss":0.0,"gold_gain":0.0,"cards_transformed":["Strike_R"],"event_name":"Transmorgrifier","player_choice":"Transformed","floor":29.0,"gold_loss":0.0,"damage_taken":0.0,"cards_obtained":["Impervious"]}],"is_beta":false,"boss_relics":[{"not_picked":["Black Blood","Sozu"],"picked":"Cursed Key"},{"not_picked":["Black Star","Astrolabe"],"picked":"Runic Pyramid"}],"items_purged_floors":[20,37,53],"is_endless":false,"potions_floor_spawned":[1,8,11,16,18,22,28,31,33,38,39,42,45],"ascension_level":19}