{"gold_per_floor":[114,114,126,51,51,51,63,63,113,138,155,172,172,198,198,272,272,282,72,90,100,112,146,146,171,171,171,205,25,25,44,44,117,117,129,144,144,169,169,204,219,236,259,270,304,184,219,232,232,232,232,232,232,23,57,57],"floor_reached":57,"playtime":5818,"items_purged":["Strike_B","Strike_B","Defend_B","Parasite","Defend_B"],"score":2749,"play_id":"e202b2bc-e30c-49fc-ac6a-f608209a9d48","local_time":"20240101012509","is_ascension_mode":true,"campfire_choices":[{"data":"Sunder","floor":6.0,"key":"SMITH"},{"data":"Defragment","floor":8.0,"key":"SMITH"},{"data":"Biased Cognition","floor":15.0,"key":"SMITH"},{"data":"Fission","floor":24.0,"key":"SMITH"},{"data":"Coolheaded","floor":27,"key":"SMITH"},{"data":"Beam Cell","floor":32,"key":"SMITH"},{"floor":49,"key":"RECALL"},{"floor":53,"key":"REST"}],"neow_cost":"NONE","seed_source_timestamp":1604303566111500,"circlet_count":0,"master_deck":["AscendersBane","Defend_B","Defend_B","Zap","Dualcast","Self Repair","Sunder+1","Coolheaded+1","Defragment+1","Leap","Compile Driver","Biased Cognition+1","Fission+1","Coolheaded+1","Core Surge","Force Field","Streamline+1","Coolheaded","Trip","Beam Cell+1","Echo Form","Hologram+1","Echo Form","Go for the Eyes","Hologram","Turbo+1","Hologram+1","Coolheaded+1"],"special_seed":0,"relics":["Cracked Core","Toy Ornithopter","Anchor","Centennial Puzzle","The Courier","Lantern","Cursed Key","Frozen Eye","Mummified Hand","Happy Flower","Shuriken","Nilry\u0027s Codex","Inserter","Mango","Orichalcum","Frozen Egg 2","Akabeko","Bottled Lightning"],"potions_floor_usage":[50,56,56],"damage_taken":[{"damage":0.0,"enemies":"Small Slimes","floor":1.0,"turns":2.0},{"damage":1.0,"enemies":"Cultist","floor":3.0,"turns":3.0},{"damage":0.0,"enemies":"2 Louse","floor":7.0,"turns":2.0},{"damage":11.0,"enemies":"Gremlin Nob","floor":10.0,"turns":3.0},{"damage":3.0,"enemies":"Gremlin Gang","floor":11.0,"turns":4.0},{"damage":0.0,"enemies":"Looter","floor":12.0,"turns":4.0},{"damage":33.0,"enemies":"3 Sentries","floor":14.0,"turns":9.0},{"damage":7.0,"enemies":"The Guardian","floor":16.0,"turns":12.0},{"damage":0.0,"enemies":"3 Byrds","floor":18.0,"turns":4.0},{"damage":11.0,"enemies":"2 Thieves","floor":20.0,"turns":3.0},{"damage":13.0,"enemies":"Snecko","floor":21.0,"turns":6.0},{"damage":8.0,"enemies":"Sentry and Sphere","floor":22.0,"turns":6.0},{"damage":4.0,"enemies":"Book of Stabbing","floor":23.0,"turns":6.0},{"damage":11.0,"enemies":"Slavers","floor":25.0,"turns":8.0},{"damage":5,"enemies":"Gremlin Leader","floor":28,"turns":8},{"damage":5,"enemies":"Snake Plant","floor":31,"turns":4},{"damage":10,"enemies":"Automaton","floor":33,"turns":9},{"damage":11,"enemies":"Orb Walker","floor":35,"turns":3},{"damage":0,"enemies":"3 Shapes","floor":36,"turns":5},{"damage":7,"enemies":"Mind Bloom Boss Battle","floor":38,"turns":9},{"damage":4,"enemies":"Nemesis","floor":40,"turns":7},{"damage":9,"enemies":"Jaw Worm Horde","floor":41,"turns":3},{"damage":0,"enemies":"Sphere and 2 Shapes","floor":42,"turns":5},{"damage":0,"enemies":"Transient","floor":44,"turns":6},{"damage":21,"enemies":"Reptomancer","floor":45,"turns":6},{"damage":28,"enemies":"Nemesis","floor":47,"turns":7},{"damage":0,"enemies":"Writhing Mass","floor":48,"turns":6},{"damage":47,"enemies":"Time Eater","floor":50,"turns":22},{"damage":9,"enemies":"Donu and Deca","floor":51,"turns":6},{"damage":60,"enemies":"Shield and Spear","floor":55,"turns":11},{"damage":28,"enemies":"The Heart","floor":56,"turns":11}],"seed_played":"4841560796551217940","potions_obtained":[{"floor":1.0,"key":"PowerPotion"},{"floor":10.0,"key":"SmokeBomb"},{"floor":12.0,"key":"Weak Potion"},{"floor":18.0,"key":"SpeedPotion"},{"floor":25.0,"key":"FocusPotion"},{"floor":35,"key":"DuplicationPotion"},{"floor":36,"key":"GamblersBrew"}],"is_trial":false,"path_per_floor":["M","?","M","$","T","R","M","R","T","E","M","M","?","E","R","B",null,"M","$","M","M","M","E","R","E","T","R","E","$","?","M","R","B",null,"M","M","?","?","?","E","M","M","T","M","E","$","E","M","R","B","B",null,"R","$","E","B",null],"character_chosen":"DEFECT","items_purchased":["Frozen Eye","Trip","Ancient Potion"],"campfire_rested":1,"item_purchase_floors":[19,29,54],"current_hp_per_floor":[64,64,70,70,70,70,71,71,71,67,71,71,71,45,45,45,65,71,71,67,61,60,71,71,67,67,67,69,69,48,50,50,47,65,54,61,61,75,75,85,83,85,85,85,71,71,50,64,64,29,27,68,82,82,36,25],"gold":57,"neow_bonus":"RANDOM_COMMON_RELIC","is_prod":false,"is_daily":false,"chose_seed":false,"campfire_upgraded":6,"win_rate":0,"timestamp":1704101109,"path_taken":["M","?","M","$","?","R","M","R","T","E","M","M","?","E","R","BOSS","M","$","?","M","M","E","R","E","T","R","E","$","?","M","R","BOSS","M","M","?","?","?","E","?","M","T","M","E","$","E","M","R","BOSS","BOSS","R","$","E","BOSS"],"build_version":"2022-12-18","purchased_purges":5,"victory":true,"max_hp_per_floor":[71,71,71,71,71,71,71,71,71,71,71,71,71,71,71,71,71,71,71,71,71,71,71,71,71,71,71,71,71,71,71,71,71,71,71,71,71,85,85,85,85,85,85,85,85,82,82,82,82,82,82,82,82,82,82,82],"card_choices":[{"not_picked":["Auto Shields","Compile Driver"],"picked":"Self Repair","floor":1.0},{"not_picked":["Barrage","Turbo"],"picked":"Coolheaded","floor":3.0},{"not_picked":["White Noise","Barrage"],"picked":"Defragment","floor":7.0},{"not_picked":["Gash","Chaos","Stack"],"picked":"SKIP","floor":10.0},{"not_picked":["Ball Lightning","Stack"],"picked":"Leap","floor":11.0},{"not_picked":["Hello World","Go for the Eyes"],"picked":"Compile Driver","floor":12.0},{"not_picked":["Go for the Eyes","Leap"],"picked":"Biased Cognition","floor":14.0},{"not_picked":["Rainbow","Amplify"],"picked":"Fission","floor":16.0},{"not_picked":["Force Field","Aggregate"],"picked":"Coolheaded+1","floor":18.0},{"not_picked":["Rebound","Conserve Battery","Ball Lightning"],"picked":"SKIP","floor":20.0},{"not_picked":["Hello World","Rebound","Redo"],"picked":"SKIP","floor":21.0},{"not_picked":["Turbo","Redo"],"picked":"Core Surge","floor":22.0},{"not_picked":["Go for the Eyes","Coolheaded"],"picked":"Force Field","floor":23.0},{"not_picked":["Machine Learning","Scrape"],"picked":"Streamline+1","floor":25.0},{"not_picked":["Melter","Cold Snap"],"picked":"Coolheaded","floor":28},{"not_picked":["Coolheaded","Aggregate"],"picked":"Beam Cell","floor":31},{"not_picked":["Multi-Cast","Seek"],"picked":"Echo Form","floor":33},{"not_picked":["Stack","Compile Driver","Redo"],"picked":"SKIP","floor":35},{"not_picked":["Streamline","Ball Lightning"],"picked":"Hologram+1","floor":36},{"not_picked":["Steam","Sweeping Beam"],"picked":"Go for the Eyes","floor":40},{"not_picked":["Compile Driver+1","Blizzard","Recycle"],"picked":"SKIP","floor":41},{"not_picked":["Blizzard","Leap"],"picked":"Hologram","floor":42},{"not_picked":["Coolheaded","Creative AI"],"picked":"Turbo+1","floor":44},{"not_picked":["Self Repair+1","Barrage","Redo"],"picked":"SKIP","floor":45},{"not_picked":["Stack+1","Streamline","Redo+1"],"picked":"SKIP","floor":47},{"not_picked":["Scrape+1","Beam Cell+1"],"picked":"Hologram+1","floor":48},{"not_picked":["Undo","Cold Snap+1"],"picked":"Coolheaded+1","floor":55}],"player_experience":1149121,"relics_obtained":[{"floor":5.0,"key":"Anchor"},{"floor":9.0,"key":"Centennial Puzzle"},{"floor":10.0,"key":"The Courier"},{"floor":14.0,"key":"Lantern"},{"floor":23.0,"key":"Mummified Hand"},{"floor":25.0,"key":"Happy Flower"},{"floor":28,"key":"Shuriken"},{"floor":30,"key":"Nilry\u0027s Codex"},{"floor":38,"key":"Mango"},{"floor":40,"key":"Orichalcum"},{"floor":45,"key":"Frozen Egg 2"},{"floor":47,"key":"Akabeko"},{"floor":55,"key":"Bottled Lightning"}],"event_choices":[{"damage_healed":0.0,"max_hp_gain":0.0,"max_hp_loss":0.0,"gold_gain":0.0,"cards_transformed":["Strike_B"],"event_name":"Transmorgrifier","player_choice":"Transformed","floor":2.0,"gold_loss":0.0,"damage_taken":0.0,"cards_obtained":["Sunder"]},{"cards_removed":["Strike_B"],"damage_healed":0.0,"max_hp_gain":0.0,"max_hp_loss":0.0,"gold_gain":0.0,"event_name":"Purifier","player_choice":"Purged","floor":13.0,"gold_loss":0.0,"damage_taken":0.0},{"damage_healed":0,"gold_gain":0,"player_choice":"Obtained Book","damage_taken":21,"max_hp_gain":0,"max_hp_loss":0,"event_name":"Cursed Tome","floor":30,"gold_loss":0},{"damage_healed":0,"gold_gain":0,"player_choice":"Ignored","damage_taken":0,"max_hp_gain":0,"max_hp_loss":0,"event_name":"Tomb of Lord Red Mask","floor":37,"gold_loss":0},{"damage_healed":0,"gold_gain":0,"player_choice":"Fight","damage_taken":0,"max_hp_gain":0,"max_hp_loss":0,"event_name":"MindBloom","floor":38,"gold_loss":0},{"damage_healed":0,"gold_gain":0,"player_choice":"Copied","damage_taken":0,"max_hp_gain":0,"max_hp_loss":0,"event_name":"Duplicator","floor":39,"gold_loss":0,"cards_obtained":["Echo Form"]}],"is_beta":false,"boss_relics":[{"not_picked":["Busted Crown","Fusion Hammer"],"picked":"Cursed Key"},{"not_picked":["Calling Bell","Runic Pyramid"],"picked":"Inserter"}],"items_purged_floors":[4,19,29,46,54],"is_endless":false,"potions_floor_spawned":[1,10,12,18,21,25,35,36,42,44,47,48],"ascension_level":20}