{"gold_per_floor":[114,128,145,220,2,2,31,31,85,85,97,122,122,141,141,215,215,225,150,65,25,25,50,50,78,105,105,30,30,56,76,76,152,152,171,171,183,197,197,223,223,249,274,274,307,307,327,342,342,342,342],"floor_reached":51,"playtime":3095,"items_purged":["Strike_B"],"score":1648,"play_id":"6dfa432b-7b4e-4758-9d35-4629a655f132","local_time":"20240107201653","is_ascension_mode":true,"campfire_choices":[{"data":"Beam Cell","floor":6,"key":"SMITH"},{"data":"Go for the Eyes","floor":10,"key":"SMITH"},{"data":"Melter","floor":13,"key":"SMITH"},{"data":"Dualcast","floor":15,"key":"SMITH"},{"data":"Genetic Algorithm","floor":24,"key":"SMITH"},{"data":"Ghostly","floor":29,"key":"SMITH"},{"data":"Ghostly","floor":32,"key":"SMITH"},{"data":"Coolheaded","floor":41,"key":"SMITH"},{"data":"Fission","floor":44,"key":"SMITH"},{"floor":46,"key":"RECALL"},{"data":"Barrage","floor":49,"key":"SMITH"}],"neow_cost":"TEN_PERCENT_HP_LOSS","seed_source_timestamp":2193401525893400,"circlet_count":0,"master_deck":["AscendersBane","Defend_B","Defend_B","Defend_B","Defend_B","Zap","Dualcast+1","Go for the Eyes+1","Beam Cell+1","Electrodynamics","Ball Lightning","Undo","Rebound","Melter+1","Genetic Algorithm+1","Echo Form","Self Repair","Ghostly+1","Ghostly","Ghostly+1","Ball Lightning+1","Fission+1","Echo Form","Hologram","Coolheaded+1","Glacier","Darkness+1","Capacitor","Barrage+1"],"relics":["Cracked Core","Orrery","Ancient Tea Set","Potion Belt","Bottled Flame","Nuclear Battery","Gambling Chip","Gremlin Horn","PreservedInsect","Orichalcum","DataDisk","Anchor","Coffee Dripper","Turnip","Strawberry","Meat on the Bone","Toy Ornithopter"],"potions_floor_usage":[7,11,12,25,40,50],"damage_taken":[{"damage":6,"enemies":"Small Slimes","floor":1,"turns":3},{"damage":1,"enemies":"2 Louse","floor":2,"turns":3},{"damage":6,"enemies":"Jaw Worm","floor":3,"turns":6},{"damage":8,"enemies":"Lagavulin","floor":7,"turns":5},{"damage":0,"enemies":"Gremlin Gang","floor":11,"turns":3},{"damage":6,"enemies":"Gremlin Nob","floor":12,"turns":3},{"damage":2,"enemies":"Large Slime","floor":14,"turns":4},{"damage":20,"enemies":"The Guardian","floor":16,"turns":10},{"damage":12,"enemies":"2 Thieves","floor":18,"turns":4},{"damage":12,"enemies":"Gremlin Leader","floor":23,"turns":7},{"damage":0,"enemies":"Slavers","floor":25,"turns":4},{"damage":0,"enemies":"Gremlin Leader","floor":30,"turns":6},{"damage":5,"enemies":"3 Byrds","floor":31,"turns":5},{"damage":19,"enemies":"Automaton","floor":33,"turns":11},{"damage":0,"enemies":"3 Darklings","floor":35,"turns":3},{"damage":0,"enemies":"3 Shapes","floor":37,"turns":4},{"damage":0,"enemies":"Jaw Worm Horde","floor":38,"turns":4},{"damage":7,"enemies":"Giant Head","floor":40,"turns":7},{"damage":0,"enemies":"Reptomancer","floor":42,"turns":5},{"damage":12,"enemies":"Nemesis","floor":45,"turns":9},{"damage":0,"enemies":"4 Shapes","floor":47,"turns":3},{"damage":0,"enemies":"Transient","floor":48,"turns":6},{"damage":15,"enemies":"Awakened One","floor":50,"turns":18},{"damage":69,"enemies":"Time Eater","floor":51,"turns":13}],"seed_played":"-3522065429507122722","potions_obtained":[{"floor":2,"key":"Dexterity Potion"},{"floor":7,"key":"AttackPotion"},{"floor":14,"key":"Energy Potion"},{"floor":23,"key":"AttackPotion"},{"floor":25,"key":"CultistPotion"},{"floor":30,"key":"LiquidMemories"},{"floor":35,"key":"SmokeBomb"},{"floor":42,"key":"FairyPotion"}],"is_trial":false,"path_per_floor":["M","M","M","?","$","R","E","?","T","R","M","E","R","M","R","B",null,"M","?","?","$","?","E","R","E","T","T","$","R","E","M","R","B",null,"M","?","M","M","T","E","R","E","T","R","E","R","M","M","R","B","B"],"character_chosen":"DEFECT","items_purchased":["Orrery","AttackPotion","Self Repair"],"campfire_rested":0,"item_purchase_floors":[5,5,21],"current_hp_per_floor":[58,57,51,40,40,40,32,32,32,32,32,26,26,24,24,4,49,37,37,37,37,32,32,32,32,32,32,32,32,32,32,32,20,29,32,32,32,32,32,39,39,39,39,39,34,34,39,39,39,38,0],"gold":342,"neow_bonus":"REMOVE_TWO","is_prod":false,"is_daily":false,"chose_seed":false,"campfire_upgraded":10,"win_rate":0,"timestamp":1704687413,"path_taken":["M","M","M","?","$","R","E","?","T","R","M","E","R","M","R","BOSS","M","?","?","$","?","E","R","E","T","?","$","R","E","M","R","BOSS","M","?","M","M","?","E","R","E","T","R","E","R","?","M","R","BOSS","BOSS"],"build_version":"2022-12-18","purchased_purges":1,"victory":false,"max_hp_per_floor":[64,64,64,64,64,64,64,64,64,64,64,64,64,64,64,64,64,64,64,64,64,32,32,32,32,32,32,32,32,32,32,32,32,32,32,32,32,32,32,39,39,39,39,39,39,39,39,39,39,39,39],"card_choices":[{"not_picked":["Hologram","Redo"],"picked":"Go for the Eyes","floor":1},{"not_picked":["White Noise","Barrage","Capacitor"],"picked":"SKIP","floor":2},{"not_picked":["Rebound","Turbo"],"picked":"Beam Cell","floor":3},{"not_picked":["Tempest","Turbo"],"picked":"Electrodynamics","floor":5},{"not_picked":["Sweeping Beam","Chill"],"picked":"Ball Lightning","floor":5},{"not_picked":["Compile Driver","Go for the Eyes"],"picked":"Undo","floor":5},{"not_picked":["Hyperbeam","Redo"],"picked":"Rebound","floor":5},{"not_picked":["Chaos","Redo","Beam Cell"],"picked":"SKIP","floor":7},{"not_picked":["Melter","Scrape","Barrage"],"picked":"SKIP","floor":11},{"not_picked":["Scrape","Barrage"],"picked":"Melter","floor":11},{"not_picked":["Hello World","Melter"],"picked":"Genetic Algorithm","floor":12},{"not_picked":["Turbo","Go for the Eyes","Sweeping Beam"],"picked":"SKIP","floor":14},{"not_picked":["Buffer","Creative AI"],"picked":"Echo Form","floor":16},{"not_picked":["Storm","Steam","Barrage"],"picked":"SKIP","floor":18},{"not_picked":["Self Repair","Gash","Barrage"],"picked":"SKIP","floor":23},{"not_picked":["Stack","Gash"],"picked":"Ball Lightning+1","floor":25},{"not_picked":["Steam+1","Static Discharge"],"picked":"Fission","floor":30},{"not_picked":["Conserve Battery","Static Discharge","Cold Snap"],"picked":"SKIP","floor":31},{"not_picked":["Reboot","Machine Learning"],"picked":"Echo Form","floor":33},{"not_picked":["Doom and Gloom","Self Repair"],"picked":"Hologram","floor":35},{"not_picked":["Sweeping Beam","Chaos+1","Aggregate+1"],"picked":"SKIP","floor":37},{"not_picked":["Streamline","BootSequence"],"picked":"Coolheaded","floor":38},{"not_picked":["Rainbow","Reboot"],"picked":"Glacier","floor":40},{"not_picked":["Auto Shields+1","Gash"],"picked":"Darkness+1","floor":42},{"not_picked":["Steam","BootSequence","Self Repair"],"picked":"SKIP","floor":45},{"not_picked":["Blizzard","Streamline+1"],"picked":"Capacitor","floor":47},{"not_picked":["Redo+1","BootSequence+1"],"picked":"Barrage","floor":48}],"player_experience":1207464,"relics_obtained":[{"floor":7,"key":"Ancient Tea Set"},{"floor":9,"key":"Potion Belt"},{"floor":12,"key":"Bottled Flame"},{"floor":23,"key":"Gremlin Horn"},{"floor":25,"key":"PreservedInsect"},{"floor":26,"key":"Orichalcum"},{"floor":27,"key":"DataDisk"},{"floor":30,"key":"Anchor"},{"floor":39,"key":"Turnip"},{"floor":40,"key":"Strawberry"},{"floor":42,"key":"Meat on the Bone"},{"floor":45,"key":"Toy Ornithopter"}],"event_choices":[{"damage_healed":0,"gold_gain":75,"player_choice":"Gather Gold","damage_taken":11,"max_hp_gain":0,"max_hp_loss":0,"event_name":"World of Goop","floor":4,"gold_loss":0},{"damage_healed":0,"gold_gain":0,"player_choice":"Ignored","damage_taken":0,"max_hp_gain":0,"max_hp_loss":0,"event_name":"Liars Game","floor":8,"gold_loss":0},{"cards_removed":["Strike_B"],"damage_healed":0,"gold_gain":0,"player_choice":"Gave Gold","damage_taken":0,"max_hp_gain":0,"max_hp_loss":0,"event_name":"Beggar","floor":19,"gold_loss":75},{"damage_healed":0,"gold_gain":0,"player_choice":"Obtained Relic","damage_taken":0,"relics_obtained":["Gambling Chip"],"max_hp_gain":0,"max_hp_loss":0,"event_name":"Addict","floor":20,"gold_loss":85},{"damage_healed":0,"gold_gain":0,"player_choice":"Became a Ghost","damage_taken":0,"max_hp_gain":0,"max_hp_loss":32,"event_name":"Ghosts","floor":22,"gold_loss":0,"cards_obtained":["Ghostly","Ghostly","Ghostly"]},{"damage_healed":0,"gold_gain":0,"player_choice":"Ignored","damage_taken":0,"max_hp_gain":0,"max_hp_loss":0,"event_name":"Tomb of Lord Red Mask","floor":36,"gold_loss":0}],"is_beta":false,"boss_relics":[{"not_picked":["Astrolabe","Pandora\u0027s Box"],"picked":"Nuclear Battery"},{"not_picked":["Inserter","Calling Bell"],"picked":"Coffee Dripper"}],"items_purged_floors":[28],"is_endless":false,"potions_floor_spawned":[2,7,14,23,25,30,35,42],"killed_by":"Time Eater","ascension_level":20}