{"gold_per_floor":[118,135,146,157,157,188,188,226,249,174,212,232,232,266,266,362,362,376,394,74,99,99],"floor_reached":22,"playtime":970,"items_purged":["Strike_B","Strike_B"],"score":412,"play_id":"f85dde6d-b412-4329-a7e3-a10c96a55da8","local_time":"20240109170834","is_ascension_mode":true,"campfire_choices":[{"data":"Lockon","floor":7.0,"key":"SMITH"},{"floor":13.0,"key":"REST"},{"data":"Doom and Gloom","floor":15.0,"key":"SMITH"}],"neow_cost":"TEN_PERCENT_HP_LOSS","seed_source_timestamp":0,"circlet_count":0,"master_deck":["AscendersBane","Strike_B","Strike_B","Defend_B","Defend_B","Defend_B","Defend_B","Zap","Dualcast","Multi-Cast","Chill","FTL","Lockon+1","Ball Lightning","Doom and Gloom+1","Reinforced Body","Compile Driver","Echo Form","Ball Lightning+1","Leap","Leap","Skim"],"special_seed":0,"relics":["Cracked Core","Golden Idol","Juzu Bracelet","Odd Mushroom","Regal Pillow","Tiny Chest","HornCleat","Philosopher\u0027s Stone","Runic Capacitor"],"potions_floor_usage":[21],"damage_taken":[{"damage":2.0,"enemies":"Jaw Worm","floor":1.0,"turns":3.0},{"damage":3.0,"enemies":"2 Louse","floor":2.0,"turns":3.0},{"damage":0.0,"enemies":"Small Slimes","floor":3.0,"turns":2.0},{"damage":0.0,"enemies":"2 Fungi Beasts","floor":4.0,"turns":3.0},{"damage":14.0,"enemies":"3 Sentries","floor":6.0,"turns":7.0},{"damage":15.0,"enemies":"The Mushroom Lair","floor":8.0,"turns":4.0},{"damage":11.0,"enemies":"Gremlin Nob","floor":11.0,"turns":3.0},{"damage":11.0,"enemies":"Looter","floor":12.0,"turns":2.0},{"damage":17.0,"enemies":"3 Sentries","floor":14.0,"turns":7.0},{"damage":21.0,"enemies":"The Guardian","floor":16.0,"turns":10.0},{"damage":0,"enemies":"Spheric Guardian","floor":18,"turns":3},{"damage":22,"enemies":"Shell Parasite","floor":19,"turns":2},{"damage":12,"enemies":"Cultist and Chosen","floor":21,"turns":5},{"damage":17,"enemies":"Snake Plant","floor":22,"turns":2}],"seed_played":"-2051087196215873290","potions_obtained":[{"floor":3.0,"key":"FearPotion"},{"floor":4.0,"key":"PotionOfCapacity"},{"floor":8.0,"key":"SteroidPotion"},{"floor":11.0,"key":"FocusPotion"},{"floor":16,"key":"Ancient Potion"},{"floor":21,"key":"Explosive Potion"}],"is_trial":false,"path_per_floor":["M","M","M","M","?","E","R","?","T","$","E","M","R","E","R","B",null,"M","M","$","M","M"],"character_chosen":"DEFECT","items_purchased":["Runic Capacitor","Leap"],"campfire_rested":1,"item_purchase_floors":[20,20],"current_hp_per_floor":[62,59,59,59,58,44,44,29,29,29,18,7,39,22,22,1,44,44,22,22,10,0],"gold":99,"neow_bonus":"THREE_RARE_CARDS","is_prod":false,"is_daily":false,"chose_seed":false,"campfire_upgraded":2,"win_rate":0,"timestamp":1704848914,"path_taken":["M","M","M","M","?","E","R","?","T","$","E","M","R","E","R","BOSS","BOSS","M","M","$","M","M"],"build_version":"2022-12-18","purchased_purges":2,"victory":false,"max_hp_per_floor":[64,64,64,64,58,58,58,58,58,58,58,58,58,58,58,58,58,58,58,58,58,58],"card_choices":[{"not_picked":["Meteor Strike","Amplify"],"picked":"Multi-Cast","floor":0.0},{"not_picked":["Go for the Eyes","Redo"],"picked":"Chill","floor":1.0},{"not_picked":["Gash","Stack"],"picked":"FTL","floor":2.0},{"not_picked":["Stack","Static Discharge"],"picked":"Lockon","floor":3.0},{"not_picked":["White Noise","Recycle"],"picked":"Ball Lightning","floor":4.0},{"not_picked":["Gash","Go for the Eyes","Lockon"],"picked":"SKIP","floor":6.0},{"not_picked":["Loop","Redo"],"picked":"Doom and Gloom","floor":8.0},{"not_picked":["Turbo","Meteor Strike"],"picked":"Reinforced Body","floor":11.0},{"not_picked":["Turbo","Force Field","BootSequence"],"picked":"SKIP","floor":12.0},{"not_picked":["Hello World","Storm"],"picked":"Compile Driver","floor":14.0},{"not_picked":["Hyperbeam","Machine Learning"],"picked":"Echo Form","floor":16},{"not_picked":["Turbo","Hologram"],"picked":"Ball Lightning+1","floor":18},{"not_picked":["Go for the Eyes","Amplify"],"picked":"Leap","floor":19},{"not_picked":["Leap","Recycle"],"picked":"Skim","floor":21}],"player_experience":1215198,"relics_obtained":[{"floor":6.0,"key":"Juzu Bracelet"},{"floor":8.0,"key":"Odd Mushroom"},{"floor":9.0,"key":"Regal Pillow"},{"floor":11.0,"key":"Tiny Chest"},{"floor":14.0,"key":"HornCleat"}],"event_choices":[{"damage_healed":0.0,"max_hp_gain":0.0,"max_hp_loss":6.0,"gold_gain":0.0,"event_name":"Golden Idol","player_choice":"Lose Max HP","floor":5.0,"gold_loss":0.0,"damage_taken":0.0,"relics_obtained":["Golden Idol"]},{"damage_healed":0.0,"max_hp_gain":0.0,"max_hp_loss":0.0,"gold_gain":0.0,"event_name":"Mushrooms","player_choice":"Fought Mushrooms","floor":8.0,"gold_loss":0.0,"damage_taken":0.0}],"is_beta":false,"boss_relics":[{"not_picked":["Ectoplasm","Inserter"],"picked":"Philosopher\u0027s Stone"}],"items_purged_floors":[10,20],"is_endless":false,"potions_floor_spawned":[3,4,8,11,14,16,18,21],"killed_by":"Snake Plant","ascension_level":20}