{"gold_per_floor":[113,59,75,92,92,92,119,136,136,136,153,184,194,208,208,283,283,296,296,316,366,90,90],"floor_reached":23,"playtime":812,"items_purged":["Strike_B"],"score":406,"play_id":"fc0a924d-0ea7-4a47-8168-1f6d2fddcf29","local_time":"20240109063412","is_ascension_mode":true,"campfire_choices":[{"data":"Doom and Gloom","floor":6,"key":"SMITH"},{"data":"Ball Lightning","floor":10,"key":"SMITH"},{"floor":15,"key":"REST"}],"neow_cost":"NONE","seed_source_timestamp":2319135062771400,"circlet_count":0,"master_deck":["AscendersBane","Defend_B","Defend_B","Defend_B","Defend_B","Zap","Dualcast","Meteor Strike+1","White Noise+1","Loop+1","Cold Snap","Ball Lightning+1","Doom and Gloom+1","Ball Lightning","Undo","Fission","Conserve Battery","Self Repair","Electrodynamics","Coolheaded","Chill+1","Melter"],"relics":["Astrolabe","Sundial","Pocketwatch","Peace Pipe","Coffee Dripper","HandDrill"],"potions_floor_usage":[13,14,23],"damage_taken":[{"damage":11,"enemies":"Small Slimes","floor":1,"turns":5},{"damage":5,"enemies":"Jaw Worm","floor":3,"turns":4},{"damage":8,"enemies":"2 Louse","floor":4,"turns":3},{"damage":15,"enemies":"Lagavulin","floor":7,"turns":4},{"damage":7,"enemies":"2 Fungi Beasts","floor":8,"turns":3},{"damage":15,"enemies":"Large Slime","floor":11,"turns":4},{"damage":6,"enemies":"Gremlin Nob","floor":12,"turns":3},{"damage":19,"enemies":"Gremlin Gang","floor":13,"turns":5},{"damage":0,"enemies":"2 Fungi Beasts","floor":14,"turns":2},{"damage":18,"enemies":"Hexaghost","floor":16,"turns":9},{"damage":25,"enemies":"2 Thieves","floor":18,"turns":5},{"damage":13,"enemies":"Chosen","floor":20,"turns":5},{"damage":0,"enemies":"Book of Stabbing","floor":23,"turns":2}],"seed_played":"-6872236617869210175","potions_obtained":[{"floor":3,"key":"SteroidPotion"},{"floor":8,"key":"Fire Potion"},{"floor":13,"key":"LiquidMemories"},{"floor":16,"key":"LiquidBronze"}],"is_trial":false,"path_per_floor":["M","$","M","M","?","R","E","M","T","R","M","E","M","M","R","B",null,"M","?","M","?","$","E"],"character_chosen":"DEFECT","items_purchased":["Ball Lightning","HandDrill","Melter"],"campfire_rested":1,"item_purchase_floors":[2,22,22],"current_hp_per_floor":[53,53,48,40,63,63,48,41,41,41,26,20,1,1,22,11,56,38,18,12,12,12,12],"gold":90,"neow_bonus":"BOSS_RELIC","is_prod":false,"is_daily":false,"chose_seed":false,"campfire_upgraded":2,"win_rate":0,"timestamp":1704810852,"path_taken":["M","$","M","M","?","R","E","M","T","R","M","E","M","M","R","BOSS","M","?","M","?","$","E"],"build_version":"2022-12-18","purchased_purges":1,"victory":false,"max_hp_per_floor":[71,71,71,71,71,71,71,71,71,71,71,71,71,71,71,71,71,71,76,76,76,76,76],"card_choices":[{"not_picked":["Barrage","Darkness"],"picked":"Cold Snap","floor":1},{"not_picked":["Chill","Genetic Algorithm"],"picked":"Doom and Gloom","floor":3},{"not_picked":["Conserve Battery","Tempest"],"picked":"Ball Lightning","floor":4},{"not_picked":["Cold Snap","Redo"],"picked":"Undo","floor":7},{"not_picked":["Hologram","FTL"],"picked":"Fission","floor":8},{"not_picked":["Sweeping Beam","Melter","Go for the Eyes"],"picked":"SKIP","floor":11},{"not_picked":["Hello World","Cold Snap","Blizzard"],"picked":"SKIP","floor":12},{"not_picked":["Stack","Gash"],"picked":"Conserve Battery","floor":13},{"not_picked":["Ball Lightning","Multi-Cast"],"picked":"Self Repair","floor":14},{"not_picked":["Buffer","All For One"],"picked":"Electrodynamics","floor":16},{"not_picked":["Redo","Darkness"],"picked":"Coolheaded","floor":18},{"not_picked":["Redo+1","Cold Snap+1"],"picked":"Chill+1","floor":20}],"player_experience":1213487,"relics_obtained":[{"floor":7,"key":"Sundial"},{"floor":9,"key":"Pocketwatch"},{"floor":12,"key":"Peace Pipe"}],"event_choices":[{"damage_healed":23,"gold_gain":0,"player_choice":"Banana","damage_taken":0,"max_hp_gain":0,"max_hp_loss":0,"event_name":"Big Fish","floor":5,"gold_loss":0},{"damage_healed":0,"gold_gain":0,"player_choice":"Shed Blood","damage_taken":25,"max_hp_gain":5,"max_hp_loss":0,"event_name":"Forgotten Altar","floor":19,"gold_loss":0},{"damage_healed":0,"gold_gain":50,"player_choice":"Stole From Cult","damage_taken":0,"max_hp_gain":0,"max_hp_loss":0,"event_name":"Nest","floor":21,"gold_loss":0}],"is_beta":false,"boss_relics":[{"not_picked":["Black Star","Sozu"],"picked":"Coffee Dripper"}],"items_purged_floors":[22],"is_endless":false,"potions_floor_spawned":[3,8,12,13,16,20],"killed_by":"Book of Stabbing","ascension_level":20}