{"gold_per_floor":[365,377,73,83,95,95,95,127,150,71,86,104,138,157,157,231,231,241,254,179,196,23,23,23,51,51,51,80,80],"floor_reached":29,"playtime":1228,"items_purged":["Strike_B"],"score":550,"play_id":"fe8a9f6f-7c4d-4dd3-869a-56f7f0a4d9f4","local_time":"20240109005047","is_ascension_mode":true,"campfire_choices":[{"data":"Beam Cell","floor":6.0,"key":"SMITH"},{"data":"Sunder","floor":15.0,"key":"SMITH"},{"data":"Biased Cognition","floor":23,"key":"SMITH"}],"neow_cost":"TEN_PERCENT_HP_LOSS","seed_source_timestamp":0,"circlet_count":0,"master_deck":["AscendersBane","Strike_B","Defend_B","Defend_B","Defend_B","Defend_B","Zap","Dualcast","Ball Lightning","Beam Cell+1","Biased Cognition+1","Genetic Algorithm","Leap","Sunder+1","Coolheaded","Leap","Force Field","Core Surge","Reinforced Body","Hologram","Reinforced Body+1"],"special_seed":0,"relics":["Cracked Core","Toy Ornithopter","MealTicket","Lantern","Juzu Bracelet","Snecko Eye","Orrery","Anchor","PreservedInsect"],"potions_floor_usage":[19,25,25,29],"damage_taken":[{"damage":2.0,"enemies":"Jaw Worm","floor":1.0,"turns":3.0},{"damage":0.0,"enemies":"2 Louse","floor":2.0,"turns":3.0},{"damage":1.0,"enemies":"Cultist","floor":4.0,"turns":3.0},{"damage":6.0,"enemies":"Looter","floor":5.0,"turns":2.0},{"damage":25.0,"enemies":"Lagavulin","floor":8.0,"turns":6.0},{"damage":7.0,"enemies":"3 Louse","floor":11.0,"turns":3.0},{"damage":3.0,"enemies":"Lots of Slimes","floor":12.0,"turns":3.0},{"damage":13.0,"enemies":"3 Sentries","floor":13.0,"turns":8.0},{"damage":0.0,"enemies":"Exordium Wildlife","floor":14.0,"turns":3.0},{"damage":19.0,"enemies":"The Guardian","floor":16.0,"turns":12.0},{"damage":0,"enemies":"2 Thieves","floor":18,"turns":5},{"damage":0,"enemies":"Chosen","floor":19,"turns":3},{"damage":3,"enemies":"Snecko","floor":21,"turns":4},{"damage":18,"enemies":"Slavers","floor":25,"turns":5},{"damage":55,"enemies":"Gremlin Leader","floor":28,"turns":8},{"damage":12,"enemies":"Snake Plant","floor":29,"turns":3}],"seed_played":"7890094774195780643","potions_obtained":[{"floor":5.0,"key":"GamblersBrew"},{"floor":8.0,"key":"EssenceOfSteel"},{"floor":14.0,"key":"Weak Potion"},{"floor":16.0,"key":"DistilledChaos"},{"floor":18,"key":"EssenceOfDarkness"},{"floor":19,"key":"Explosive Potion"},{"floor":25,"key":"BlessingOfTheForge"}],"is_trial":false,"path_per_floor":["M","M","$","M","M","R","?","E","T","?","M","M","E","M","R","B",null,"M","M","?","M","$","R","$","E","T","?","E","M"],"character_chosen":"DEFECT","items_purchased":["Biased Cognition","FocusPotion","Orrery"],"campfire_rested":0,"item_purchase_floors":[3,3,22],"current_hp_per_floor":[62,62,62,61,55,55,60,35,35,35,28,25,17,17,17,3,53,53,58,58,55,69,69,69,61,61,61,6,0],"gold":80,"neow_bonus":"TWO_FIFTY_GOLD","is_prod":false,"is_daily":false,"chose_seed":false,"campfire_upgraded":3,"win_rate":0,"timestamp":1704790247,"path_taken":["M","M","$","M","M","R","?","E","T","?","M","M","E","M","R","BOSS","M","M","?","M","$","R","$","E","T","?","E","M"],"build_version":"2022-12-18","purchased_purges":1,"victory":false,"max_hp_per_floor":[64,64,64,64,64,64,69,69,69,69,69,69,69,69,69,69,69,69,69,69,69,69,69,69,69,69,69,69,69],"card_choices":[{"not_picked":["Rip and Tear","Rebound"],"picked":"Ball Lightning","floor":1.0},{"not_picked":["Coolheaded","Steam"],"picked":"Beam Cell","floor":2.0},{"not_picked":["Reinforced Body","Fusion"],"picked":"Genetic Algorithm","floor":4.0},{"not_picked":["Sweeping Beam","Chaos"],"picked":"Leap","floor":5.0},{"not_picked":["Lockon","Reboot"],"picked":"Sunder","floor":8.0},{"not_picked":["Go for the Eyes","Gash"],"picked":"Coolheaded","floor":11.0},{"not_picked":["Rebound","Gash","White Noise"],"picked":"SKIP","floor":12.0},{"not_picked":["BootSequence","Steam Power","Ball Lightning"],"picked":"SKIP","floor":13.0},{"not_picked":["Gash","Scrape"],"picked":"Leap","floor":14.0},{"not_picked":["Compile Driver","Rebound","Cold Snap"],"picked":"SKIP","floor":18},{"not_picked":["Hello World","Turbo","FTL"],"picked":"SKIP","floor":19},{"not_picked":["Gash+1","Turbo"],"picked":"Force Field","floor":21},{"not_picked":["Sweeping Beam+1","Cold Snap"],"picked":"Core Surge","floor":22},{"not_picked":["Redo","Leap"],"picked":"Reinforced Body","floor":22},{"not_picked":["Darkness","Sweeping Beam"],"picked":"Hologram","floor":22},{"not_picked":["Barrage","Double Energy+1"],"picked":"Reinforced Body+1","floor":25},{"not_picked":["Compile Driver","Barrage","Conserve Battery+1"],"picked":"SKIP","floor":28}],"player_experience":1210559,"relics_obtained":[{"floor":8.0,"key":"Toy Ornithopter"},{"floor":9.0,"key":"MealTicket"},{"floor":13.0,"key":"Juzu Bracelet"},{"floor":25,"key":"Anchor"},{"floor":28,"key":"PreservedInsect"}],"event_choices":[{"damage_healed":0.0,"max_hp_gain":5.0,"max_hp_loss":0.0,"gold_gain":0.0,"event_name":"Big Fish","player_choice":"Donut","floor":7.0,"gold_loss":0.0,"damage_taken":0.0},{"damage_healed":0.0,"max_hp_gain":0.0,"max_hp_loss":0.0,"gold_gain":0.0,"event_name":"WeMeetAgain","player_choice":"Paid Gold","floor":10.0,"gold_loss":79.0,"damage_taken":0.0,"relics_obtained":["Lantern"]},{"cards_removed":["Strike_B"],"damage_healed":0,"gold_gain":0,"player_choice":"Gave Gold","damage_taken":0,"max_hp_gain":0,"max_hp_loss":0,"event_name":"Beggar","floor":20,"gold_loss":75},{"cards_removed":["Strike_B"],"damage_healed":0,"gold_gain":0,"player_choice":"Elegance","damage_taken":0,"max_hp_gain":0,"max_hp_loss":0,"event_name":"Back to Basics","floor":27,"gold_loss":0}],"is_beta":false,"boss_relics":[{"not_picked":["Coffee Dripper","Calling Bell"],"picked":"Snecko Eye"}],"items_purged_floors":[3],"is_endless":false,"potions_floor_spawned":[5,8,11,14,16,18,19,25],"killed_by":"Snake Plant","ascension_level":20}