{"gold_per_floor":[111,23,36,47,19,19,52,71,144,144,170,170,202,202,202,275,275,294,294,294,137,149,149,169,169,169,201,201,236,246,259,259,333,333,347,347,178,178,192,192,225,276,276,293,306,637,637,663,663,663,663,663,663,62,94,94],"floor_reached":57,"playtime":3810,"items_purged":[],"score":2967,"play_id":"c5feeb66-93bb-4976-bd28-c23d890bbc2e","local_time":"20240110030010","is_ascension_mode":true,"campfire_choices":[{"data":"Beam Cell","floor":6,"key":"SMITH"},{"data":"Sweeping Beam","floor":10,"key":"SMITH"},{"data":"Coolheaded","floor":12,"key":"SMITH"},{"data":"Sunder","floor":15,"key":"SMITH"},{"data":"Sunder","floor":23,"key":"SMITH"},{"floor":28,"key":"REST"},{"data":"Biased Cognition","floor":32,"key":"SMITH"},{"data":"Coolheaded","floor":40,"key":"SMITH"},{"floor":47,"key":"RECALL"},{"data":"Loop","floor":49,"key":"SMITH"},{"data":"Go for the Eyes","floor":53,"key":"SMITH"}],"neow_cost":"NONE","seed_source_timestamp":2389671137663600,"circlet_count":0,"master_deck":["AscendersBane","Dualcast","Sweeping Beam+1","Self Repair","Beam Cell+1","Cold Snap","Cold Snap","Rebound","Coolheaded+1","Rip and Tear","Sunder+1","Electrodynamics","FTL","Genetic Algorithm","Darkness","Sunder+1","Loop+1","Genetic Algorithm","Biased Cognition+1","Go for the Eyes+1","Coolheaded+1","Glacier","Hologram","Echo Form","Compile Driver+1","Aggregate","Loop+1","Defragment+1","Buffer+1","Biased Cognition+1","Compile Driver","Loop+1"],"relics":["Cracked Core","NeowsBlessing","Thread and Needle","Shuriken","Boot","Symbiotic Virus","Incense Burner","Pandora\u0027s Box","Nilry\u0027s Codex","Toolbox","Dream Catcher","PreservedInsect","Mummified Hand","Sozu","Runic Capacitor","Frozen Egg 2","Ornamental Fan","Prayer Wheel","Old Coin","Regal Pillow","Pear","Strawberry","HandDrill","StrikeDummy"],"potions_floor_usage":[11,16,27,33,33],"damage_taken":[{"damage":0,"enemies":"Cultist","floor":1,"turns":1},{"damage":0,"enemies":"2 Louse","floor":3,"turns":1},{"damage":0,"enemies":"Small Slimes","floor":4,"turns":1},{"damage":38,"enemies":"Lagavulin","floor":7,"turns":7},{"damage":0,"enemies":"3 Louse","floor":8,"turns":3},{"damage":8,"enemies":"3 Sentries","floor":11,"turns":4},{"damage":0,"enemies":"Gremlin Nob","floor":13,"turns":3},{"damage":2,"enemies":"Slime Boss","floor":16,"turns":6},{"damage":24,"enemies":"2 Thieves","floor":18,"turns":3},{"damage":0,"enemies":"Spheric Guardian","floor":22,"turns":4},{"damage":0,"enemies":"Cultist and Chosen","floor":24,"turns":6},{"damage":10,"enemies":"Book of Stabbing","floor":27,"turns":6},{"damage":13,"enemies":"Gremlin Leader","floor":29,"turns":6},{"damage":0,"enemies":"Centurion and Healer","floor":30,"turns":6},{"damage":0,"enemies":"Snake Plant","floor":31,"turns":6},{"damage":43,"enemies":"Automaton","floor":33,"turns":13},{"damage":0,"enemies":"Orb Walker","floor":35,"turns":4},{"damage":10,"enemies":"3 Shapes","floor":39,"turns":9},{"damage":0,"enemies":"Giant Head","floor":41,"turns":8},{"damage":0,"enemies":"2 Orb Walkers","floor":42,"turns":5},{"damage":12,"enemies":"Jaw Worm Horde","floor":44,"turns":5},{"damage":0,"enemies":"Maw","floor":45,"turns":7},{"damage":0,"enemies":"Reptomancer","floor":46,"turns":5},{"damage":9,"enemies":"Nemesis","floor":48,"turns":12},{"damage":2,"enemies":"Time Eater","floor":50,"turns":8},{"damage":22,"enemies":"Donu and Deca","floor":51,"turns":17},{"damage":0,"enemies":"Shield and Spear","floor":55,"turns":9},{"damage":65,"enemies":"The Heart","floor":56,"turns":14}],"seed_played":"-2297368860962575421","potions_obtained":[{"floor":3,"key":"LiquidMemories"},{"floor":7,"key":"DistilledChaos"},{"floor":16,"key":"Weak Potion"},{"floor":22,"key":"BlessingOfTheForge"},{"floor":27,"key":"AttackPotion"}],"is_trial":false,"path_per_floor":["M","$","M","M","$","R","E","M","T","R","E","R","E","?","R","B",null,"M","?","?","$","M","R","M","?","T","E","R","E","M","M","R","B",null,"M","?","$","T","M","R","E","?","T","M","M","E","R","E","R","B","B",null,"R","$","E","B",null],"character_chosen":"DEFECT","items_purchased":["Self Repair","Cold Snap","Toolbox","Runic Capacitor","Pear","Strawberry","HandDrill"],"campfire_rested":1,"item_purchase_floors":[2,5,21,37,54,54,54],"current_hp_per_floor":[64,64,71,71,71,71,40,47,47,47,46,46,46,41,41,46,65,41,20,20,20,27,27,34,34,34,24,45,39,46,53,53,17,58,58,71,71,71,71,71,71,71,71,66,71,71,71,69,69,71,56,67,67,84,88,30],"gold":94,"neow_bonus":"THREE_ENEMY_KILL","is_prod":false,"is_daily":false,"chose_seed":false,"campfire_upgraded":9,"win_rate":0,"timestamp":1704884410,"path_taken":["M","$","M","?","?","R","E","M","T","R","E","R","E","?","R","BOSS","M","?","?","$","M","R","?","?","T","E","R","E","M","M","R","BOSS","M","?","$","?","M","R","E","?","T","?","M","E","R","E","R","BOSS","BOSS","R","$","E","BOSS"],"build_version":"2022-12-18","purchased_purges":0,"victory":true,"max_hp_per_floor":[71,71,71,71,71,71,71,71,71,71,71,71,71,71,71,71,71,71,71,71,71,71,71,71,71,71,71,71,71,71,71,71,71,71,71,71,71,71,71,71,71,71,71,71,71,71,71,71,71,71,71,71,71,88,88,88],"card_choices":[{"not_picked":["Barrage","Redo"],"picked":"Sweeping Beam","floor":1},{"not_picked":["Consume","Reprogram"],"picked":"Beam Cell","floor":3},{"not_picked":["Gash","Redo"],"picked":"Cold Snap","floor":4},{"not_picked":["Coolheaded","Redo"],"picked":"Rebound","floor":7},{"not_picked":["Reprogram","Leap"],"picked":"Coolheaded","floor":8},{"not_picked":["Turbo","Double Energy"],"picked":"Rip and Tear","floor":11},{"not_picked":["Auto Shields","Compile Driver"],"picked":"Sunder","floor":13},{"not_picked":["Creative AI","Reboot"],"picked":"Electrodynamics","floor":16},{"not_picked":["Cold Snap","Ball Lightning"],"picked":"Go for the Eyes","floor":18},{"not_picked":["BootSequence","Compile Driver"],"picked":"Glacier","floor":22},{"not_picked":["Recycle","Coolheaded","Redo"],"picked":"SKIP","floor":24},{"not_picked":["Compile Driver","Genetic Algorithm+1","Hyperbeam"],"picked":"SKIP","floor":27},{"not_picked":["BootSequence","Sweeping Beam"],"picked":"Hologram","floor":28},{"not_picked":["Go for the Eyes","Melter","FTL"],"picked":"SKIP","floor":29},{"not_picked":["Gash","Storm"],"picked":"Auto Shields","floor":30},{"not_picked":["Sunder","Gash+1","Cold Snap+1"],"picked":"SKIP","floor":31},{"not_picked":["Machine Learning","Rainbow"],"picked":"Echo Form","floor":33},{"not_picked":["Stack","Doom and Gloom+1"],"picked":"Compile Driver+1","floor":35},{"not_picked":["Chaos","Barrage"],"picked":"Aggregate","floor":39},{"not_picked":["Sweeping Beam+1","Scrape","Tempest"],"picked":"SKIP","floor":41},{"not_picked":["Hologram","Cold Snap"],"picked":"Loop+1","floor":42},{"not_picked":["Barrage","Compile Driver"],"picked":"Defragment+1","floor":44},{"not_picked":["FTL+1","Rebound"],"picked":"Buffer+1","floor":44},{"not_picked":["Fusion","Leap"],"picked":"Biased Cognition+1","floor":45},{"not_picked":["Go for the Eyes","Rebound","Chaos"],"picked":"SKIP","floor":45},{"not_picked":["Go for the Eyes","Aggregate","Double Energy"],"picked":"SKIP","floor":46},{"not_picked":["Rebound+1","Hello World+1"],"picked":"Compile Driver","floor":48},{"not_picked":["Stack","Scrape+1"],"picked":"Loop+1","floor":55}],"player_experience":1216460,"relics_obtained":[{"floor":7,"key":"Thread and Needle"},{"floor":9,"key":"Shuriken"},{"floor":11,"key":"Boot"},{"floor":13,"key":"Symbiotic Virus"},{"floor":19,"key":"Nilry\u0027s Codex"},{"floor":26,"key":"Dream Catcher"},{"floor":27,"key":"PreservedInsect"},{"floor":29,"key":"Mummified Hand"},{"floor":38,"key":"Frozen Egg 2"},{"floor":41,"key":"Ornamental Fan"},{"floor":42,"key":"Prayer Wheel"},{"floor":46,"key":"Old Coin"},{"floor":48,"key":"Regal Pillow"},{"floor":55,"key":"StrikeDummy"}],"event_choices":[{"damage_healed":0,"gold_gain":0,"player_choice":"Success","damage_taken":5,"relics_obtained":["Incense Burner"],"max_hp_gain":0,"max_hp_loss":0,"event_name":"Scrap Ooze","floor":14,"gold_loss":0},{"damage_healed":0,"gold_gain":0,"player_choice":"Obtained Book","damage_taken":21,"max_hp_gain":0,"max_hp_loss":0,"event_name":"Cursed Tome","floor":19,"gold_loss":0},{"damage_healed":0,"gold_gain":0,"cards_transformed":["Reprogram"],"player_choice":"Transformed","damage_taken":0,"max_hp_gain":0,"max_hp_loss":0,"event_name":"Transmorgrifier","floor":20,"gold_loss":0,"cards_obtained":["Coolheaded"]},{"cards_removed":["Zap"],"damage_healed":0,"gold_gain":0,"player_choice":"Elegance","damage_taken":0,"max_hp_gain":0,"max_hp_loss":0,"event_name":"Back to Basics","floor":25,"gold_loss":0},{"cards_removed":["Auto Shields"],"damage_healed":13,"gold_gain":0,"player_choice":"Offered Uncommon","damage_taken":0,"max_hp_gain":0,"max_hp_loss":0,"event_name":"Bonfire Elementals","floor":36,"gold_loss":0},{"damage_healed":0,"gold_gain":0,"player_choice":"Fight","damage_taken":0,"max_hp_gain":0,"max_hp_loss":0,"event_name":"Mysterious Sphere","floor":42,"gold_loss":0}],"is_beta":false,"boss_relics":[{"not_picked":["Empty Cage","Busted Crown"],"picked":"Pandora\u0027s Box"},{"not_picked":["Velvet Choker","SacredBark"],"picked":"Sozu"}],"items_purged_floors":[],"is_endless":false,"potions_floor_spawned":[3,7,8,16,22,27,29,39,42,44,46,55],"ascension_level":20}