{"gold_per_floor":[114,133,153,163,174,174,207,47,47,80,80,80,99,131,131,207,207,222,222,11,29,44,44,404,112,412,424,424,435,463,476,476,476],"floor_reached":33,"playtime":1587,"items_purged":["Strike_B","Decay","Strike_B"],"score":653,"play_id":"6fe9a876-0c9a-433e-a4b5-580721624777","local_time":"20231230213059","is_ascension_mode":true,"campfire_choices":[{"data":"Doom and Gloom","floor":6,"key":"SMITH"},{"floor":12,"key":"REST"},{"data":"Turbo","floor":15,"key":"SMITH"},{"data":"Consume","floor":23,"key":"SMITH"},{"floor":28,"key":"REST"},{"data":"Biased Cognition","floor":32,"key":"SMITH"}],"neow_cost":"TEN_PERCENT_HP_LOSS","seed_source_timestamp":1508112063900300,"circlet_count":0,"master_deck":["AscendersBane","Defend_B","Defend_B","Defend_B","Defend_B","Zap","Dualcast","Turbo+1","Undo","Doom and Gloom+1","Glacier","Go for the Eyes","Compile Driver","Beam Cell+1","Rebound","Cold Snap+1","Reinforced Body","Recycle","Biased Cognition+1","Self Repair","Consume+1","Hyperbeam","Recycle","Hologram+1"],"relics":["Cracked Core","Akabeko","Letter Opener","Ornamental Fan","Vajra","Snecko Eye","Old Coin","Matryoshka"],"potions_floor_usage":[7,14,16,33,33],"damage_taken":[{"damage":2,"enemies":"Small Slimes","floor":1,"turns":4},{"damage":3,"enemies":"2 Louse","floor":2,"turns":2},{"damage":0,"enemies":"Cultist","floor":3,"turns":5},{"damage":0,"enemies":"Blue Slaver","floor":4,"turns":4},{"damage":15,"enemies":"3 Louse","floor":5,"turns":4},{"damage":2,"enemies":"Lagavulin","floor":7,"turns":4},{"damage":13,"enemies":"Gremlin Nob","floor":10,"turns":3},{"damage":0,"enemies":"Lots of Slimes","floor":13,"turns":2},{"damage":0,"enemies":"3 Sentries","floor":14,"turns":5},{"damage":3,"enemies":"Hexaghost","floor":16,"turns":7},{"damage":17,"enemies":"2 Thieves","floor":18,"turns":4},{"damage":1,"enemies":"Spheric Guardian","floor":21,"turns":3},{"damage":0,"enemies":"Snecko","floor":22,"turns":3},{"damage":28,"enemies":"Snake Plant","floor":27,"turns":6},{"damage":0,"enemies":"Cultist and Chosen","floor":29,"turns":3},{"damage":13,"enemies":"Book of Stabbing","floor":30,"turns":6},{"damage":4,"enemies":"Chosen and Byrds","floor":31,"turns":6},{"damage":31,"enemies":"Champ","floor":33,"turns":10}],"seed_played":"2177375027544667585","potions_obtained":[{"floor":1,"key":"Weak Potion"},{"floor":2,"key":"Strength Potion"},{"floor":14,"key":"PowerPotion"},{"floor":22,"key":"DuplicationPotion"},{"floor":27,"key":"Dexterity Potion"}],"is_trial":false,"path_per_floor":["M","M","M","M","M","R","E","$","T","E","?","R","M","E","R","B",null,"M","?","$","M","M","R","?","$","T","M","R","M","E","M","R","B"],"character_chosen":"DEFECT","items_purchased":["LiquidMemories","FairyPotion","Hyperbeam"],"campfire_rested":2,"item_purchase_floors":[8,20,25],"current_hp_per_floor":[62,59,59,59,44,44,42,42,42,29,10,29,29,29,29,26,55,38,38,38,37,44,44,8,8,8,10,29,29,23,26,26,0],"gold":476,"neow_bonus":"TRANSFORM_TWO_CARDS","is_prod":false,"is_daily":false,"chose_seed":false,"campfire_upgraded":4,"win_rate":0,"timestamp":1704000659,"path_taken":["M","M","M","M","M","R","E","$","T","E","?","R","M","E","R","BOSS","M","?","$","M","M","R","?","$","T","M","R","M","E","?","R","BOSS"],"build_version":"2022-12-18","purchased_purges":3,"victory":false,"max_hp_per_floor":[64,64,64,64,64,64,64,64,64,64,64,64,64,64,64,64,64,64,64,64,64,64,64,64,64,64,64,64,64,64,64,64,64],"card_choices":[{"not_picked":["Scrape","Darkness"],"picked":"Doom and Gloom","floor":1},{"not_picked":["Sweeping Beam","Gash"],"picked":"Glacier","floor":2},{"not_picked":["Leap","Steam"],"picked":"Go for the Eyes","floor":3},{"not_picked":["Coolheaded","Cold Snap"],"picked":"Compile Driver","floor":4},{"not_picked":["FTL","Go for the Eyes"],"picked":"Beam Cell","floor":5},{"not_picked":["Barrage","Consume"],"picked":"Rebound","floor":7},{"not_picked":["Gash","Turbo"],"picked":"Cold Snap","floor":10},{"not_picked":["Gash","Barrage"],"picked":"Reinforced Body","floor":13},{"not_picked":["Coolheaded","Rainbow"],"picked":"Recycle","floor":14},{"not_picked":["Buffer","Meteor Strike"],"picked":"Biased Cognition","floor":16},{"not_picked":["Fusion","Beam Cell","Auto Shields+1"],"picked":"SKIP","floor":18},{"not_picked":["Coolheaded","Beam Cell"],"picked":"Self Repair","floor":21},{"not_picked":["Streamline","Redo"],"picked":"Consume","floor":22},{"not_picked":["Hologram","Tempest","Conserve Battery"],"picked":"SKIP","floor":27},{"not_picked":["Tempest","FTL","Recycle"],"picked":"SKIP","floor":29},{"not_picked":["Tempest","FTL"],"picked":"Recycle","floor":29},{"not_picked":["White Noise","Conserve Battery"],"picked":"Hologram+1","floor":30},{"not_picked":["Redo","Static Discharge","Go for the Eyes"],"picked":"SKIP","floor":31}],"player_experience":1143909,"relics_obtained":[{"floor":7,"key":"Akabeko"},{"floor":9,"key":"Letter Opener"},{"floor":10,"key":"Ornamental Fan"},{"floor":14,"key":"Vajra"},{"floor":26,"key":"Old Coin"},{"floor":30,"key":"Matryoshka"}],"event_choices":[{"damage_healed":0,"gold_gain":0,"player_choice":"Entered Light","damage_taken":19,"max_hp_gain":0,"max_hp_loss":0,"event_name":"Shining Light","floor":11,"gold_loss":0,"cards_upgraded":["Cold Snap","Beam Cell"]},{"damage_healed":0,"gold_gain":0,"player_choice":"Smashed Altar","damage_taken":0,"max_hp_gain":0,"max_hp_loss":0,"event_name":"Forgotten Altar","floor":19,"gold_loss":0,"cards_obtained":["Decay"]},{"damage_healed":0,"gold_gain":360,"player_choice":"GOLD GOLD GOLD GOLD ","damage_taken":36,"max_hp_gain":0,"max_hp_loss":0,"event_name":"Knowing Skull","floor":24,"potions_obtained":[],"gold_loss":0,"cards_obtained":[]}],"is_beta":false,"boss_relics":[{"not_picked":["Runic Dome","Cursed Key"],"picked":"Snecko Eye"}],"items_purged_floors":[8,20,25],"is_endless":false,"potions_floor_spawned":[1,2,10,14,22,27,31],"killed_by":"Champ","ascension_level":20}