{"gold_per_floor":[115,40,50,62,62,95,105,105,181,200,200,35,60,71,71,145,145,157,176,190,32,32,58,58,83,107,124,124,124,124,24,24,24],"floor_reached":33,"playtime":899,"items_purged":["Doubt","Dualcast"],"score":590,"play_id":"139e7f1b-d81e-4f82-b3b0-ce9fe075ddc5","local_time":"20240109164557","is_ascension_mode":true,"campfire_choices":[{"data":"1","floor":8,"key":"LIFT"},{"data":"2","floor":11,"key":"LIFT"},{"data":"Beam Cell","floor":15,"key":"SMITH"},{"data":"3","floor":24,"key":"LIFT"},{"data":"Reboot","floor":28,"key":"SMITH"},{"data":"Hologram","floor":32,"key":"SMITH"}],"neow_cost":"CURSE","seed_source_timestamp":2355755750483800,"circlet_count":0,"master_deck":["AscendersBane","Strike_B","Strike_B","Strike_B","Strike_B","Defend_B","Defend_B","Defend_B","Defend_B","Zap","Hyperbeam+1","Reinforced Body","Conserve Battery","Leap","Reinforced Body","FTL","Beam Cell+1","Reboot+1","Beam Cell","Go for the Eyes","Hologram+1","Auto Shields","Sweeping Beam","Sweeping Beam","FTL","Ghostly","Ghostly","Ghostly"],"relics":["Cracked Core","Girya","HornCleat","PreservedInsect","Boot","Coffee Dripper","Orrery","Strawberry","Potion Belt","Dream Catcher"],"potions_floor_usage":[16,20,23],"damage_taken":[{"damage":1,"enemies":"Cultist","floor":1,"turns":3},{"damage":0,"enemies":"2 Louse","floor":3,"turns":2},{"damage":5,"enemies":"Small Slimes","floor":4,"turns":2},{"damage":30,"enemies":"Lagavulin","floor":6,"turns":7},{"damage":1,"enemies":"Blue Slaver","floor":7,"turns":2},{"damage":0,"enemies":"Lots of Slimes","floor":10,"turns":2},{"damage":1,"enemies":"3 Sentries","floor":13,"turns":3},{"damage":0,"enemies":"Looter","floor":14,"turns":3},{"damage":13,"enemies":"Slime Boss","floor":16,"turns":7},{"damage":0,"enemies":"2 Thieves","floor":18,"turns":3},{"damage":0,"enemies":"Shell Parasite","floor":19,"turns":1},{"damage":15,"enemies":"Snecko","floor":20,"turns":8},{"damage":3,"enemies":"Book of Stabbing","floor":23,"turns":4},{"damage":8,"enemies":"Gremlin Leader","floor":25,"turns":3},{"damage":13,"enemies":"Centurion and Healer","floor":27,"turns":4},{"damage":6,"enemies":"Champ","floor":33,"turns":6}],"seed_played":"-2447926076425485689","potions_obtained":[{"floor":3,"key":"Swift Potion"},{"floor":6,"key":"Weak Potion"},{"floor":16,"key":"Weak Potion"},{"floor":20,"key":"LiquidBronze"}],"is_trial":false,"path_per_floor":["M","$","M","M","?","E","M","R","T","M","R","$","E","M","R","B",null,"M","M","M","$","?","E","R","E","T","M","R","?","?","$","R","B"],"character_chosen":"DEFECT","items_purchased":["PreservedInsect","Orrery"],"campfire_rested":0,"item_purchase_floors":[12,21],"current_hp_per_floor":[63,63,63,58,58,28,27,27,27,27,27,27,26,26,26,13,57,57,57,42,42,42,46,46,38,38,25,25,3,3,3,3,0],"gold":24,"neow_bonus":"THREE_RARE_CARDS","is_prod":false,"is_daily":false,"chose_seed":false,"campfire_upgraded":3,"win_rate":0,"timestamp":1704847557,"path_taken":["M","$","M","M","?","E","M","R","T","M","R","$","E","M","R","BOSS","M","?","M","$","?","E","R","E","T","M","R","?","?","?","R","BOSS"],"build_version":"2022-12-18","purchased_purges":2,"victory":false,"max_hp_per_floor":[71,71,71,71,71,71,71,71,71,71,71,71,71,71,71,71,71,71,71,71,71,71,78,78,78,78,78,78,83,41,41,41,41],"card_choices":[{"not_picked":["Meteor Strike","All For One"],"picked":"Hyperbeam","floor":0},{"not_picked":["Recycle","Turbo","Redo"],"picked":"SKIP","floor":1},{"not_picked":["Hello World","Rip and Tear"],"picked":"Reinforced Body","floor":3},{"not_picked":["Cold Snap","Steam"],"picked":"Conserve Battery","floor":4},{"not_picked":["Double Energy","Streamline"],"picked":"Leap","floor":6},{"not_picked":["Turbo","Stack","Redo"],"picked":"SKIP","floor":7},{"not_picked":["Aggregate","Ball Lightning"],"picked":"Reinforced Body","floor":10},{"not_picked":["Turbo","Ball Lightning"],"picked":"FTL","floor":13},{"not_picked":["FTL","Chaos"],"picked":"Beam Cell","floor":14},{"not_picked":["Multi-Cast","Creative AI"],"picked":"Reboot","floor":16},{"not_picked":["Heatsinks","Force Field"],"picked":"Beam Cell","floor":18},{"not_picked":["Leap","Glacier","Beam Cell"],"picked":"SKIP","floor":19},{"not_picked":["Redo","Streamline"],"picked":"Go for the Eyes","floor":20},{"not_picked":["Streamline","Meteor Strike"],"picked":"Hologram","floor":21},{"not_picked":["Biased Cognition","Compile Driver"],"picked":"Auto Shields","floor":21},{"not_picked":["Stack","BootSequence+1"],"picked":"Sweeping Beam","floor":21},{"not_picked":["Storm+1","Beam Cell"],"picked":"Sweeping Beam","floor":21},{"not_picked":["Heatsinks","White Noise","Cold Snap"],"picked":"SKIP","floor":23},{"not_picked":["Stack","Gash"],"picked":"FTL","floor":25},{"not_picked":["Conserve Battery","Gash","Ball Lightning"],"picked":"SKIP","floor":27}],"player_experience":1214299,"relics_obtained":[{"floor":6,"key":"Girya"},{"floor":9,"key":"HornCleat"},{"floor":13,"key":"Boot"},{"floor":23,"key":"Strawberry"},{"floor":25,"key":"Potion Belt"},{"floor":26,"key":"Dream Catcher"}],"event_choices":[{"damage_healed":0,"gold_gain":0,"player_choice":"Forge","damage_taken":0,"max_hp_gain":0,"max_hp_loss":0,"event_name":"Accursed Blacksmith","floor":5,"gold_loss":0,"cards_upgraded":["Hyperbeam"]},{"damage_healed":0,"gold_gain":0,"player_choice":"Shed Blood","damage_taken":27,"max_hp_gain":5,"max_hp_loss":0,"event_name":"Forgotten Altar","floor":29,"gold_loss":0},{"damage_healed":0,"gold_gain":0,"player_choice":"Became a Ghost","damage_taken":0,"max_hp_gain":0,"max_hp_loss":42,"event_name":"Ghosts","floor":30,"gold_loss":0,"cards_obtained":["Ghostly","Ghostly","Ghostly"]}],"is_beta":false,"boss_relics":[{"not_picked":["SacredBark","Velvet Choker"],"picked":"Coffee Dripper"}],"items_purged_floors":[2,31],"is_endless":false,"potions_floor_spawned":[3,6,7,16,20],"killed_by":"Champ","ascension_level":20}