{"gold_per_floor":[111,111,130,140,14,14,39,56,82,118,87,87,71,102,102,102],"floor_reached":16,"playtime":686,"items_purged":["Strike_B"],"score":240,"play_id":"6844d757-0226-4700-8db1-3e40a6050055","local_time":"20240121130607","is_ascension_mode":true,"campfire_choices":[{"data":"Defragment","floor":6.0,"key":"SMITH"},{"data":"Doom and Gloom","floor":12,"key":"SMITH"},{"data":"Dualcast","floor":15,"key":"SMITH"}],"neow_cost":"TEN_PERCENT_HP_LOSS","seed_source_timestamp":967225499349600,"circlet_count":0,"master_deck":["AscendersBane","Strike_B","Defend_B","Defend_B","Defend_B","Defend_B","Zap","Dualcast+1","Steam","Genetic Algorithm","Doom and Gloom+1","Defragment+1","Coolheaded","Coolheaded","Auto Shields","Undo","Rebound","Core Surge"],"special_seed":0,"relics":["Cracked Core","Potion Belt","CeramicFish","Centennial Puzzle","Ancient Tea Set"],"potions_floor_usage":[14,16],"damage_taken":[{"damage":0.0,"enemies":"2 Louse","floor":1.0,"turns":3.0},{"damage":2.0,"enemies":"Jaw Worm","floor":3.0,"turns":3.0},{"damage":0.0,"enemies":"Cultist","floor":4.0,"turns":3.0},{"damage":30.0,"enemies":"3 Sentries","floor":7.0,"turns":6.0},{"damage":12.0,"enemies":"Gremlin Gang","floor":8.0,"turns":6.0},{"damage":6.0,"enemies":"Lagavulin","floor":10.0,"turns":10.0},{"damage":2.0,"enemies":"Looter","floor":11.0,"turns":4.0},{"damage":7,"enemies":"Exordium Thugs","floor":13,"turns":4},{"damage":5,"enemies":"3 Sentries","floor":14,"turns":4},{"damage":20,"enemies":"Hexaghost","floor":16,"turns":9}],"seed_played":"-3770460392970602138","potions_obtained":[{"floor":1.0,"key":"Regen Potion"},{"floor":3.0,"key":"Swift Potion"},{"floor":4.0,"key":"DuplicationPotion"},{"floor":13,"key":"LiquidMemories"}],"is_trial":false,"path_per_floor":["M","?","M","M","$","R","E","M","T","E","M","R","M","E","R","B"],"character_chosen":"DEFECT","items_purchased":["Coolheaded"],"campfire_rested":0,"item_purchase_floors":[5],"current_hp_per_floor":[64,69,67,67,67,67,37,40,40,34,32,32,25,20,20,0],"gold":102,"neow_bonus":"TRANSFORM_TWO_CARDS","is_prod":false,"is_daily":false,"chose_seed":false,"campfire_upgraded":3,"win_rate":0,"timestamp":1705871167,"path_taken":["M","?","M","M","$","R","E","M","T","E","M","R","M","E","R","BOSS"],"build_version":"2022-12-18","purchased_purges":1,"victory":false,"max_hp_per_floor":[64,69,69,69,69,69,69,69,69,69,69,69,69,69,69,69],"card_choices":[{"not_picked":["Glacier","White Noise"],"picked":"Doom and Gloom","floor":1.0},{"not_picked":["Genetic Algorithm","Reprogram"],"picked":"Defragment","floor":3.0},{"not_picked":["Gash","Turbo"],"picked":"Coolheaded","floor":4.0},{"not_picked":["Barrage","Hologram"],"picked":"Auto Shields","floor":7.0},{"not_picked":["Fusion","Leap","Hologram"],"picked":"SKIP","floor":8.0},{"not_picked":["Fusion","Leap","Hologram"],"picked":"SKIP","floor":8.0},{"not_picked":["Fusion","Sweeping Beam"],"picked":"Undo","floor":10.0},{"not_picked":["BootSequence","Hologram"],"picked":"Rebound","floor":11},{"not_picked":["Fusion","Ball Lightning"],"picked":"Core Surge","floor":13},{"not_picked":["Tempest","Go for the Eyes","Chill"],"picked":"SKIP","floor":14}],"player_experience":1260187,"relics_obtained":[{"floor":7.0,"key":"Potion Belt"},{"floor":9.0,"key":"CeramicFish"},{"floor":10.0,"key":"Centennial Puzzle"},{"floor":14,"key":"Ancient Tea Set"}],"event_choices":[{"damage_healed":0.0,"max_hp_gain":5.0,"max_hp_loss":0.0,"gold_gain":0.0,"event_name":"Big Fish","player_choice":"Donut","floor":2.0,"gold_loss":0.0,"damage_taken":0.0}],"is_beta":false,"boss_relics":[],"items_purged_floors":[5],"is_endless":false,"potions_floor_spawned":[1,3,4,13],"killed_by":"Hexaghost","ascension_level":20}