{"gold_per_floor":[116,133,153,153,166,166,201,201,201,231,247,81,100,129,129,207,207,224,224,241,241,89,89,114,114,114,114,133,148,166,199,199,275,275,291,306,306,107,127,138,156,156,156,156,181,201,201,235,235,235,235,235,235,75,103,103],"floor_reached":56,"playtime":4202,"items_purged":["Strike_B","Defend_B"],"score":2213,"play_id":"b478ebba-6ab3-40b4-9697-4c08a7877d66","local_time":"20240120221218","is_ascension_mode":true,"campfire_choices":[{"data":"Defragment","floor":6.0,"key":"SMITH"},{"data":"Doom and Gloom","floor":8.0,"key":"SMITH"},{"data":"Fission","floor":15.0,"key":"SMITH"},{"floor":23.0,"key":"REST"},{"data":"Sweeping Beam","floor":25.0,"key":"SMITH"},{"data":"Coolheaded","floor":27.0,"key":"SMITH"},{"floor":32.0,"key":"REST"},{"data":"Consume","floor":42,"key":"SMITH"},{"data":"Capacitor","floor":44,"key":"SMITH"},{"floor":47,"key":"RECALL"},{"floor":49,"key":"REST"},{"floor":53,"key":"REST"}],"neow_cost":"TEN_PERCENT_HP_LOSS","seed_source_timestamp":0,"circlet_count":0,"master_deck":["AscendersBane","Strike_B","Defend_B","Defend_B","Defend_B","Zap","Dualcast","Defragment+1","Auto Shields","Doom and Gloom+1","Sweeping Beam+1","Undo","FTL","Fission+1","Undo","Coolheaded+1","FTL","Core Surge","Leap+1","Chill","Compile Driver","Cold Snap","Turbo","Coolheaded","Coolheaded","Loop","Electrodynamics","Genetic Algorithm+1","Compile Driver+1","Consume+1","White Noise+1","Capacitor+1","Skim","Sweeping Beam+1","Stack+1","White Noise+1"],"special_seed":0,"relics":["Cracked Core","Vajra","Kunai","Symbiotic Virus","Omamori","Philosopher\u0027s Stone","Pear","Mercury Hourglass","FossilizedHelix","SlaversCollar","Orrery","Molten Egg 2","Ancient Tea Set","Cauldron","Pen Nib"],"potions_floor_usage":[51,55,56],"damage_taken":[{"damage":0.0,"enemies":"Cultist","floor":1.0,"turns":4.0},{"damage":3.0,"enemies":"Jaw Worm","floor":2.0,"turns":4.0},{"damage":0.0,"enemies":"Small Slimes","floor":3.0,"turns":2.0},{"damage":0.0,"enemies":"2 Fungi Beasts","floor":5.0,"turns":3.0},{"damage":15.0,"enemies":"Lagavulin","floor":7.0,"turns":5.0},{"damage":22.0,"enemies":"Gremlin Nob","floor":10.0,"turns":4.0},{"damage":9.0,"enemies":"Exordium Wildlife","floor":11.0,"turns":6.0},{"damage":5.0,"enemies":"Gremlin Gang","floor":13.0,"turns":3.0},{"damage":0.0,"enemies":"Lagavulin","floor":14.0,"turns":6.0},{"damage":19.0,"enemies":"Slime Boss","floor":16.0,"turns":7.0},{"damage":1.0,"enemies":"Shell Parasite","floor":18.0,"turns":9.0},{"damage":4.0,"enemies":"3 Byrds","floor":20.0,"turns":4.0},{"damage":28.0,"enemies":"Slavers","floor":24.0,"turns":6.0},{"damage":0.0,"enemies":"Cultist and Chosen","floor":28.0,"turns":4.0},{"damage":0.0,"enemies":"Snake Plant","floor":29.0,"turns":5.0},{"damage":0.0,"enemies":"3 Cultists","floor":30.0,"turns":4.0},{"damage":0.0,"enemies":"Gremlin Leader","floor":31.0,"turns":7.0},{"damage":0.0,"enemies":"Champ","floor":33.0,"turns":11.0},{"damage":0,"enemies":"Orb Walker","floor":35,"turns":2},{"damage":0,"enemies":"3 Shapes","floor":36,"turns":8},{"damage":0,"enemies":"Maw","floor":39,"turns":7},{"damage":39,"enemies":"Transient","floor":40,"turns":6},{"damage":0,"enemies":"3 Darklings","floor":41,"turns":3},{"damage":3,"enemies":"Giant Head","floor":45,"turns":11},{"damage":0,"enemies":"4 Shapes","floor":46,"turns":5},{"damage":0,"enemies":"Reptomancer","floor":48,"turns":5},{"damage":34,"enemies":"Awakened One","floor":50,"turns":22},{"damage":6,"enemies":"Donu and Deca","floor":51,"turns":11},{"damage":9,"enemies":"Shield and Spear","floor":55,"turns":9},{"damage":70,"enemies":"The Heart","floor":56,"turns":6}],"seed_played":"3150966271681095262","potions_obtained":[{"floor":1.0,"key":"EntropicBrew"},{"floor":2.0,"key":"Strength Potion"},{"floor":11.0,"key":"Swift Potion"},{"floor":16.0,"key":"PotionOfCapacity"},{"floor":28.0,"key":"Swift Potion"},{"floor":54,"key":"Swift Potion"}],"is_trial":false,"path_per_floor":["M","M","M","?","M","R","E","R","T","E","M","$","M","E","R","B",null,"M","?","M","?","$","R","E","R","T","R","M","M","M","E","R","B",null,"M","M","?","$","M","M","M","R","T","R","E","M","R","E","R","B","B",null,"R","$","E","B"],"character_chosen":"DEFECT","items_purchased":["AttackPotion","Undo","Cold Snap","Orrery","Capacitor","Cauldron"],"campfire_rested":4,"item_purchase_floors":[12,12,22,38,38,54],"current_hp_per_floor":[64,61,61,57,57,57,42,42,42,20,26,26,21,21,21,2,49,48,48,44,27,27,47,29,29,29,29,29,29,29,29,52,52,72,72,72,72,72,72,33,33,33,33,33,30,30,30,30,52,18,12,59,75,75,66,0],"gold":103,"neow_bonus":"TRANSFORM_TWO_CARDS","is_prod":false,"is_daily":false,"chose_seed":false,"campfire_upgraded":7,"win_rate":0,"timestamp":1705817538,"path_taken":["M","M","?","?","M","R","E","R","T","E","?","?","M","E","R","BOSS","M","?","M","?","?","R","E","R","T","R","?","M","M","E","R","BOSS","M","M","?","$","M","M","M","R","T","R","E","M","R","E","R","BOSS","BOSS","R","$","E","BOSS"],"build_version":"2022-12-18","purchased_purges":2,"victory":false,"max_hp_per_floor":[64,64,64,64,64,64,64,64,64,64,64,64,64,64,64,64,64,64,64,64,69,69,69,79,79,79,79,79,79,79,79,79,79,79,79,79,75,75,75,75,75,75,75,75,75,75,75,75,75,75,75,75,75,75,75,75],"card_choices":[{"not_picked":["Gash","Heatsinks"],"picked":"Doom and Gloom","floor":1.0},{"not_picked":["Recycle","Turbo"],"picked":"Sweeping Beam","floor":2.0},{"not_picked":["Reinforced Body","Barrage"],"picked":"Undo","floor":3.0},{"not_picked":["Compile Driver","Streamline"],"picked":"FTL","floor":5.0},{"not_picked":["White Noise","Steam","Stack"],"picked":"SKIP","floor":7.0},{"not_picked":["Recycle","Redo"],"picked":"Fission","floor":10.0},{"not_picked":["Chaos","Conserve Battery","Hologram"],"picked":"SKIP","floor":11.0},{"not_picked":["Leap","Conserve Battery"],"picked":"Coolheaded","floor":13.0},{"not_picked":["Melter","Recycle"],"picked":"FTL","floor":14.0},{"not_picked":["Reboot","Fission"],"picked":"Core Surge","floor":16.0},{"not_picked":["Hologram","Streamline"],"picked":"Leap+1","floor":18.0},{"not_picked":["Steam+1","Beam Cell"],"picked":"Compile Driver","floor":20.0},{"not_picked":["Conserve Battery","Turbo","Machine Learning"],"picked":"SKIP","floor":24.0},{"not_picked":["Conserve Battery","Turbo","Machine Learning"],"picked":"SKIP","floor":24.0},{"not_picked":["Conserve Battery","Machine Learning"],"picked":"Turbo","floor":24.0},{"not_picked":["Cold Snap","Streamline"],"picked":"Coolheaded","floor":28.0},{"not_picked":["Blizzard","Tempest"],"picked":"Coolheaded","floor":29.0},{"not_picked":["Heatsinks","Cold Snap"],"picked":"Loop","floor":30.0},{"not_picked":["Stack","Melter","Force Field"],"picked":"SKIP","floor":31.0},{"not_picked":["Hyperbeam","Rainbow"],"picked":"Electrodynamics","floor":33.0},{"not_picked":["Leap","Barrage"],"picked":"Genetic Algorithm+1","floor":35},{"not_picked":["Cold Snap","Steam+1","Barrage"],"picked":"SKIP","floor":36},{"not_picked":["Rebound","Turbo"],"picked":"Compile Driver+1","floor":38},{"not_picked":["Rebound","Ball Lightning"],"picked":"Consume","floor":38},{"not_picked":["Conserve Battery","Chill"],"picked":"White Noise+1","floor":38},{"not_picked":["Amplify","Redo","Auto Shields"],"picked":"SKIP","floor":39},{"not_picked":["Turbo","Conserve Battery","Chill"],"picked":"SKIP","floor":40},{"not_picked":["Coolheaded","Rip and Tear"],"picked":"Skim","floor":41},{"not_picked":["Leap","Fission"],"picked":"Sweeping Beam+1","floor":45},{"not_picked":["Sweeping Beam+1","Gash+1","Beam Cell+1"],"picked":"SKIP","floor":46},{"not_picked":["Conserve Battery","Fusion"],"picked":"Stack+1","floor":48},{"not_picked":["Conserve Battery","Doom and Gloom+1"],"picked":"White Noise+1","floor":55}],"player_experience":1255985,"relics_obtained":[{"floor":7.0,"key":"Vajra"},{"floor":9.0,"key":"Kunai"},{"floor":10.0,"key":"Symbiotic Virus"},{"floor":14.0,"key":"Omamori"},{"floor":24.0,"key":"Pear"},{"floor":26.0,"key":"Mercury Hourglass"},{"floor":31.0,"key":"FossilizedHelix"},{"floor":45,"key":"Molten Egg 2"},{"floor":48,"key":"Ancient Tea Set"},{"floor":55,"key":"Pen Nib"}],"event_choices":[{"damage_healed":0.0,"max_hp_gain":0.0,"max_hp_loss":0.0,"gold_gain":0.0,"event_name":"The Woman in Blue","player_choice":"Bought 0 Potions","floor":4.0,"gold_loss":0.0,"damage_taken":0.0},{"damage_healed":0.0,"max_hp_gain":0.0,"max_hp_loss":0.0,"gold_gain":0.0,"event_name":"The Library","player_choice":"Read","floor":19.0,"gold_loss":0.0,"damage_taken":0.0,"cards_obtained":["Chill"]},{"damage_healed":0.0,"max_hp_gain":5.0,"max_hp_loss":0.0,"gold_gain":0.0,"event_name":"Forgotten Altar","player_choice":"Shed Blood","floor":21.0,"gold_loss":0.0,"damage_taken":22.0},{"damage_healed":0,"gold_gain":0,"player_choice":"Max HP","damage_taken":0,"max_hp_gain":0,"max_hp_loss":4,"event_name":"Winding Halls","floor":37,"gold_loss":0}],"is_beta":false,"boss_relics":[{"not_picked":["SacredBark","Fusion Hammer"],"picked":"Philosopher\u0027s Stone"},{"not_picked":["Empty Cage","Sozu"],"picked":"SlaversCollar"}],"items_purged_floors":[12,22],"is_endless":false,"potions_floor_spawned":[1,2,5,11,14,16,28,30,39,40,48],"killed_by":"The Heart","ascension_level":20}