{"gold_per_floor":[362,36,56,36,56,56,67,67,143,177,190,190,204,235,235,308,308,319,333,333,333,174,205,205,33,33,64,64,84,84,100,100,177,177,192,203,219,219,219,247,247,282,307,323,343,343,371,191,191,191,191,191,191,4,4],"floor_reached":55,"playtime":3405,"items_purged":["Strike_B","Strike_B"],"score":2010,"play_id":"f92ab9aa-c9d2-42b4-ba2b-ba11f77437f1","local_time":"20240119193017","is_ascension_mode":true,"campfire_choices":[{"data":"Beam Cell","floor":6.0,"key":"SMITH"},{"data":"Rebound","floor":8.0,"key":"SMITH"},{"data":"Consume","floor":12.0,"key":"SMITH"},{"data":"Doom and Gloom","floor":15.0,"key":"SMITH"},{"data":"Biased Cognition","floor":24.0,"key":"SMITH"},{"floor":32,"key":"REST"},{"floor":41,"key":"REST"},{"floor":46,"key":"RECALL"},{"data":"Skim","floor":49,"key":"SMITH"},{"data":"Creative AI","floor":53,"key":"SMITH"}],"neow_cost":"PERCENT_DAMAGE","seed_source_timestamp":814747222094400,"circlet_count":0,"master_deck":["AscendersBane","Defend_B","Defend_B","Defend_B","Defend_B","Zap","Dualcast","Cold Snap","Glacier","Glacier","Beam Cell+1","Rebound+1","Rip and Tear","Consume+1","Doom and Gloom+1","Biased Cognition+1","Compile Driver+1","Turbo+1","Hologram","Creative AI+1","Skim+1","Glacier","Coolheaded+1","Hologram","Machine Learning","Compile Driver"],"special_seed":0,"relics":["Cracked Core","Runic Capacitor","Eternal Feather","Anchor","Art of War","Cursed Key","Shuriken","ClockworkSouvenir","Bag of Marbles","Empty Cage","Strawberry","Omamori","HornCleat","OrangePellets"],"potions_floor_usage":[47,55],"damage_taken":[{"damage":5.0,"enemies":"2 Louse","floor":1.0,"turns":3.0},{"damage":0.0,"enemies":"Cultist","floor":3.0,"turns":5.0},{"damage":0.0,"enemies":"Jaw Worm","floor":5.0,"turns":5.0},{"damage":0.0,"enemies":"Blue Slaver","floor":7.0,"turns":2.0},{"damage":2.0,"enemies":"Lagavulin","floor":10.0,"turns":5.0},{"damage":0.0,"enemies":"2 Fungi Beasts","floor":11.0,"turns":2.0},{"damage":0.0,"enemies":"Looter","floor":13.0,"turns":2.0},{"damage":0.0,"enemies":"3 Sentries","floor":14.0,"turns":7.0},{"damage":18.0,"enemies":"The Guardian","floor":16.0,"turns":11.0},{"damage":13.0,"enemies":"3 Byrds","floor":18.0,"turns":5.0},{"damage":0.0,"enemies":"Shell Parasite","floor":19.0,"turns":4.0},{"damage":4.0,"enemies":"Gremlin Leader","floor":23.0,"turns":7.0},{"damage":22.0,"enemies":"Slavers","floor":27.0,"turns":3.0},{"damage":2,"enemies":"Centurion and Healer","floor":29,"turns":4},{"damage":24,"enemies":"Snake Plant","floor":31,"turns":4},{"damage":10,"enemies":"Automaton","floor":33,"turns":9},{"damage":11,"enemies":"Orb Walker","floor":35,"turns":4},{"damage":16,"enemies":"3 Darklings","floor":36,"turns":5},{"damage":27,"enemies":"Jaw Worm Horde","floor":37,"turns":5},{"damage":0,"enemies":"Nemesis","floor":40,"turns":13},{"damage":7,"enemies":"Giant Head","floor":42,"turns":15},{"damage":0,"enemies":"Transient","floor":44,"turns":6},{"damage":13,"enemies":"Maw","floor":45,"turns":11},{"damage":6,"enemies":"Reptomancer","floor":47,"turns":14},{"damage":1,"enemies":"Awakened One","floor":50,"turns":22},{"damage":4,"enemies":"Time Eater","floor":51,"turns":23},{"damage":75,"enemies":"Shield and Spear","floor":55,"turns":3}],"seed_played":"-6030661587850341622","potions_obtained":[{"floor":4.0,"key":"ColorlessPotion"},{"floor":5.0,"key":"DistilledChaos"},{"floor":14.0,"key":"SpeedPotion"},{"floor":16.0,"key":"LiquidMemories"},{"floor":27.0,"key":"LiquidMemories"},{"floor":29,"key":"EssenceOfDarkness"},{"floor":40,"key":"EssenceOfDarkness"},{"floor":42,"key":"Swift Potion"}],"is_trial":false,"path_per_floor":["M","$","M","?","M","R","M","R","T","E","M","R","M","E","R","B",null,"M","M","T","?","$","E","R","$","T","E","T","M","$","M","R","B",null,"M","M","M","?","?","E","R","E","T","M","M","R","E","$","R","B","B",null,"R","$","E"],"character_chosen":"DEFECT","items_purchased":["Runic Capacitor","Glacier","DistilledChaos","DuplicationPotion","ClockworkSouvenir","Ancient Potion","OrangePellets","Compile Driver"],"campfire_rested":2,"item_purchase_floors":[2,2,2,22,25,48,54,54],"current_hp_per_floor":[41,41,41,41,41,41,41,41,41,39,39,48,48,48,57,39,63,50,50,50,50,50,46,58,58,58,36,36,34,34,10,43,33,62,51,35,8,8,8,15,49,42,42,42,29,44,38,38,53,52,48,68,74,74,0],"gold":4,"neow_bonus":"TWO_FIFTY_GOLD","is_prod":false,"is_daily":false,"chose_seed":false,"campfire_upgraded":7,"win_rate":0,"timestamp":1705721417,"path_taken":["M","$","M","?","M","R","M","R","T","E","M","R","M","E","R","BOSS","M","M","?","?","$","E","R","$","T","E","?","M","?","M","R","BOSS","M","M","M","?","?","E","R","E","T","M","?","R","E","$","R","BOSS","BOSS","R","$","E"],"build_version":"2022-12-18","purchased_purges":2,"victory":false,"max_hp_per_floor":[71,71,71,71,71,71,71,71,71,71,71,71,71,71,71,71,71,71,71,71,71,71,71,71,71,71,71,71,71,71,71,71,71,71,71,71,71,67,67,74,74,74,74,74,74,74,74,74,74,74,74,74,74,74,74],"card_choices":[{"not_picked":["Beam Cell","Coolheaded"],"picked":"Cold Snap","floor":1.0},{"not_picked":["Hologram","Go for the Eyes"],"picked":"Glacier","floor":3.0},{"not_picked":["Steam","Reinforced Body"],"picked":"Beam Cell","floor":5.0},{"not_picked":["Redo","Sweeping Beam"],"picked":"Rebound","floor":7.0},{"not_picked":["Hologram","Recycle"],"picked":"Rip and Tear","floor":10.0},{"not_picked":["Stack","Gash"],"picked":"Consume","floor":11.0},{"not_picked":["Streamline","Melter"],"picked":"Doom and Gloom","floor":13.0},{"not_picked":["Auto Shields","Chaos","Beam Cell"],"picked":"SKIP","floor":14.0},{"not_picked":["Fission","All For One"],"picked":"Biased Cognition","floor":16.0},{"not_picked":["Sweeping Beam","Glacier"],"picked":"Compile Driver+1","floor":18.0},{"not_picked":["Conserve Battery","Loop","Sweeping Beam"],"picked":"SKIP","floor":19.0},{"not_picked":["Turbo","Ball Lightning","Fusion"],"picked":"SKIP","floor":23.0},{"not_picked":["Steam","Thunder Strike","Sweeping Beam"],"picked":"SKIP","floor":27.0},{"not_picked":["Leap","Steam"],"picked":"Turbo+1","floor":29},{"not_picked":["Steam","Amplify"],"picked":"Hologram","floor":31},{"not_picked":["Hyperbeam","Amplify"],"picked":"Creative AI","floor":33},{"not_picked":["Beam Cell","Coolheaded"],"picked":"Skim","floor":35},{"not_picked":["Steam+1","Darkness+1","Go for the Eyes"],"picked":"SKIP","floor":36},{"not_picked":["Stack","Auto Shields+1"],"picked":"Glacier","floor":37},{"not_picked":["Multi-Cast","Sunder"],"picked":"Coolheaded+1","floor":40},{"not_picked":["Redo+1","Stack","Recycle"],"picked":"SKIP","floor":42},{"not_picked":["Beam Cell","Rebound"],"picked":"Hologram","floor":44},{"not_picked":["Rebound+1","BootSequence","Redo"],"picked":"SKIP","floor":45},{"not_picked":["Leap","Barrage"],"picked":"Machine Learning","floor":47}],"player_experience":1249020,"relics_obtained":[{"floor":9.0,"key":"Eternal Feather"},{"floor":10.0,"key":"Anchor"},{"floor":14.0,"key":"Art of War"},{"floor":23.0,"key":"Shuriken"},{"floor":27.0,"key":"Bag of Marbles"},{"floor":40,"key":"Strawberry"},{"floor":42,"key":"Omamori"},{"floor":47,"key":"HornCleat"}],"event_choices":[{"damage_healed":0.0,"max_hp_gain":0.0,"max_hp_loss":0.0,"gold_gain":0.0,"event_name":"The Woman in Blue","player_choice":"Bought 1 Potion","floor":4.0,"gold_loss":0.0,"damage_taken":0.0},{"damage_healed":0.0,"max_hp_gain":0.0,"max_hp_loss":0.0,"gold_gain":0.0,"event_name":"The Mausoleum","player_choice":"Ignored","floor":21.0,"gold_loss":0.0,"damage_taken":0.0},{"damage_healed":0,"gold_gain":0,"player_choice":"Max HP","damage_taken":0,"max_hp_gain":0,"max_hp_loss":4,"event_name":"Winding Halls","floor":38,"gold_loss":0},{"damage_healed":0,"gold_gain":0,"player_choice":"0 cards matched","damage_taken":0,"max_hp_gain":0,"max_hp_loss":0,"event_name":"Match and Keep!","floor":39,"gold_loss":0,"cards_obtained":[]}],"is_beta":false,"boss_relics":[{"not_picked":["SlaversCollar","FrozenCore"],"picked":"Cursed Key"},{"not_picked":["Fusion Hammer","Tiny House"],"picked":"Empty Cage"}],"items_purged_floors":[22,48],"is_endless":false,"potions_floor_spawned":[5,14,16,19,27,29,40,42,45],"killed_by":"Shield and Spear","ascension_level":20}