{"gold_per_floor":[111,135,154,170,58,58,89,89,143,170,170,203,220,239,239,313,313,267,192,192,205,220,220,265,0,0,40,64,95,95,113,113,199,199,214,231,231,231,70,102,127,79,154,154],"floor_reached":44,"playtime":2319,"items_purged":["Doubt","Strike_B","Strike_B"],"score":988,"play_id":"0ad404cd-f0c9-4e27-8537-a21d2ee2afca","local_time":"20240120140018","is_ascension_mode":true,"campfire_choices":[{"data":"Doom and Gloom","floor":6.0,"key":"SMITH"},{"data":"Biased Cognition","floor":8,"key":"SMITH"},{"data":"Coolheaded","floor":11,"key":"SMITH"},{"data":"Dualcast","floor":15,"key":"SMITH"},{"floor":23,"key":"REST"},{"floor":30,"key":"REST"},{"floor":32,"key":"REST"}],"neow_cost":"CURSE","seed_source_timestamp":882417555424800,"circlet_count":0,"master_deck":["AscendersBane","Defend_B","Defend_B","Defend_B","Defend_B","Zap","Dualcast+1","Biased Cognition+1","Auto Shields","Coolheaded+1","Leap","Doom and Gloom+1","Hologram","Hologram","Self Repair","Capacitor","Compile Driver","Buffer","Heatsinks","Compile Driver","Redo","Core Surge","Fission","Defragment","Coolheaded"],"special_seed":0,"relics":["Cracked Core","Omamori","Sundial","Toy Ornithopter","Potion Belt","Bottled Tornado","Fusion Hammer","Orichalcum","Bag of Preparation","PreservedInsect","CeramicFish","Tiny Chest","Coffee Dripper","Juzu Bracelet","DataDisk"],"potions_floor_usage":[10,16,27,27,33,40,40],"damage_taken":[{"damage":0.0,"enemies":"Cultist","floor":1.0,"turns":3.0},{"damage":7.0,"enemies":"Jaw Worm","floor":3.0,"turns":4.0},{"damage":2.0,"enemies":"2 Louse","floor":4.0,"turns":3.0},{"damage":8.0,"enemies":"Gremlin Nob","floor":7.0,"turns":3.0},{"damage":10,"enemies":"3 Sentries","floor":10,"turns":5},{"damage":4,"enemies":"Lagavulin","floor":12,"turns":6},{"damage":7,"enemies":"Large Slime","floor":13,"turns":5},{"damage":12,"enemies":"Exordium Wildlife","floor":14,"turns":5},{"damage":24,"enemies":"The Guardian","floor":16,"turns":15},{"damage":5,"enemies":"2 Thieves","floor":18,"turns":5},{"damage":17,"enemies":"Shell Parasite","floor":21,"turns":6},{"damage":10,"enemies":"Shelled Parasite and Fungi","floor":22,"turns":8},{"damage":30,"enemies":"Book of Stabbing","floor":27,"turns":5},{"damage":21,"enemies":"Snake Plant","floor":28,"turns":6},{"damage":28,"enemies":"Slavers","floor":29,"turns":3},{"damage":11,"enemies":"Sentry and Sphere","floor":31,"turns":9},{"damage":24,"enemies":"Automaton","floor":33,"turns":13},{"damage":19,"enemies":"3 Darklings","floor":35,"turns":7},{"damage":25,"enemies":"Orb Walker","floor":36,"turns":6},{"damage":29,"enemies":"Nemesis","floor":40,"turns":9},{"damage":21,"enemies":"Reptomancer","floor":44,"turns":4}],"seed_played":"-4070967978076274162","potions_obtained":[{"floor":3.0,"key":"FearPotion"},{"floor":4.0,"key":"Ancient Potion"},{"floor":7,"key":"DuplicationPotion"},{"floor":14,"key":"SteroidPotion"},{"floor":16,"key":"Fire Potion"},{"floor":27,"key":"Weak Potion"},{"floor":29,"key":"DuplicationPotion"},{"floor":31,"key":"FocusPotion"},{"floor":35,"key":"SkillPotion"}],"is_trial":false,"path_per_floor":["M","T","M","M","$","R","E","R","T","E","R","E","M","M","R","B",null,"M","?","?","M","M","R","T","$","T","E","M","E","R","M","R","B",null,"M","M","?","?","$","E","T","$","T","E"],"character_chosen":"DEFECT","items_purchased":["Doom and Gloom","Bag of Preparation","Defragment","Coolheaded"],"campfire_rested":3,"item_purchase_floors":[5,25,39,42],"current_hp_per_floor":[64,64,57,55,55,55,47,47,47,42,42,38,38,33,33,21,59,61,61,61,51,48,69,69,69,69,49,35,14,35,31,52,40,63,51,33,33,33,33,21,21,21,21,0],"gold":154,"neow_bonus":"THREE_RARE_CARDS","is_prod":false,"is_daily":false,"chose_seed":false,"campfire_upgraded":4,"win_rate":0,"timestamp":1705788018,"path_taken":["M","?","M","M","$","R","E","R","T","E","R","E","M","M","R","BOSS","M","?","?","?","M","R","?","$","T","E","M","E","R","M","R","BOSS","M","M","?","?","?","E","?","$","T","E"],"build_version":"2022-12-18","purchased_purges":3,"victory":false,"max_hp_per_floor":[71,71,71,71,71,71,71,71,71,71,71,71,71,71,71,71,71,71,71,71,71,71,71,71,71,71,71,71,71,71,71,71,71,71,71,71,71,71,71,71,71,71,71,71],"card_choices":[{"not_picked":["Fission","Reboot"],"picked":"Biased Cognition","floor":0.0},{"not_picked":["Barrage","Stack"],"picked":"Auto Shields","floor":1.0},{"not_picked":["Go for the Eyes","Gash"],"picked":"Coolheaded","floor":3.0},{"not_picked":["Blizzard","Heatsinks"],"picked":"Leap","floor":4.0},{"not_picked":["Go for the Eyes","Redo"],"picked":"Hologram","floor":7},{"not_picked":["Meteor Strike","Reprogram"],"picked":"Hologram","floor":10},{"not_picked":["Auto Shields","Barrage"],"picked":"Self Repair","floor":12},{"not_picked":["Go for the Eyes","Conserve Battery"],"picked":"Capacitor","floor":13},{"not_picked":["Barrage","Ball Lightning"],"picked":"Compile Driver","floor":14},{"not_picked":["Rainbow","Amplify"],"picked":"Buffer","floor":16},{"not_picked":["Leap","Streamline"],"picked":"Heatsinks","floor":18},{"not_picked":["Stack","Recycle"],"picked":"Compile Driver","floor":21},{"not_picked":["Streamline","Beam Cell","Leap"],"picked":"SKIP","floor":22},{"not_picked":["Steam","Stack"],"picked":"Redo","floor":27},{"not_picked":["Sweeping Beam","Rebound"],"picked":"Core Surge","floor":28},{"not_picked":["Conserve Battery","Turbo","Stack+1"],"picked":"SKIP","floor":29},{"not_picked":["Leap","Auto Shields","Hello World"],"picked":"SKIP","floor":31},{"not_picked":["Creative AI","Hyperbeam"],"picked":"Fission","floor":33},{"not_picked":["Leap","Rebound+1","Turbo"],"picked":"SKIP","floor":35},{"not_picked":["Doom and Gloom+1","Compile Driver","Turbo"],"picked":"SKIP","floor":36},{"not_picked":["White Noise","Compile Driver","Melter"],"picked":"SKIP","floor":40}],"player_experience":1253666,"relics_obtained":[{"floor":2.0,"key":"Omamori"},{"floor":7,"key":"Sundial"},{"floor":9,"key":"Toy Ornithopter"},{"floor":10,"key":"Potion Belt"},{"floor":12,"key":"Bottled Tornado"},{"floor":24,"key":"Orichalcum"},{"floor":26,"key":"PreservedInsect"},{"floor":27,"key":"CeramicFish"},{"floor":29,"key":"Tiny Chest"},{"floor":40,"key":"Juzu Bracelet"},{"floor":41,"key":"DataDisk"}],"event_choices":[{"cards_removed":["Strike_B"],"damage_healed":0,"gold_gain":0,"player_choice":"Gave Gold","damage_taken":0,"max_hp_gain":0,"max_hp_loss":0,"event_name":"Beggar","floor":19,"gold_loss":75},{"damage_healed":0,"gold_gain":0,"player_choice":"Ignored","damage_taken":0,"max_hp_gain":0,"max_hp_loss":0,"event_name":"The Mausoleum","floor":20,"gold_loss":0},{"cards_removed":["Strike_B"],"damage_healed":0,"gold_gain":0,"player_choice":"Removed Attack","damage_taken":0,"max_hp_gain":0,"max_hp_loss":0,"event_name":"Falling","floor":37,"gold_loss":0},{"damage_healed":0,"gold_gain":0,"player_choice":"Ignored","damage_taken":0,"max_hp_gain":0,"max_hp_loss":0,"event_name":"Mysterious Sphere","floor":38,"gold_loss":0}],"is_beta":false,"boss_relics":[{"not_picked":["Empty Cage","Runic Dome"],"picked":"Fusion Hammer"},{"not_picked":["Calling Bell","Black Star"],"picked":"Coffee Dripper"}],"items_purged_floors":[5,25,39],"is_endless":false,"potions_floor_spawned":[3,4,7,14,16,27,29,31,35],"killed_by":"Reptomancer","ascension_level":20}