{"gold_per_floor":[114,129,149,167,4,4,36,36,90,100,100,110,141,152,152,223,223,239,239,252,266,11,46,46,57,57,67,99,118,118,132,132,209,209,223,223,233,233,248,248,248],"floor_reached":41,"playtime":1807,"items_purged":["Strike_B"],"score":998,"play_id":"7fce7027-d8ad-497f-9c7e-108ad2f970e4","local_time":"20240118231104","is_ascension_mode":true,"campfire_choices":[{"data":"Sunder","floor":6,"key":"SMITH"},{"data":"Turbo","floor":8,"key":"SMITH"},{"data":"Dualcast","floor":11,"key":"SMITH"},{"floor":15,"key":"REST"},{"data":"Sunder","floor":24,"key":"SMITH"},{"floor":30,"key":"REST"},{"data":"Buffer","floor":32,"key":"SMITH"},{"data":"Beam Cell","floor":40,"key":"SMITH"}],"neow_cost":"NONE","seed_source_timestamp":743194874364600,"circlet_count":0,"master_deck":["AscendersBane","Strike_B","Strike_B","Strike_B","Defend_B","Defend_B","Defend_B","Defend_B","Zap","Dualcast+1","Ball Lightning","Rebound","Genetic Algorithm","Auto Shields","Sunder+1","Turbo+1","Beam Cell+1","Sunder+1","Skim","Buffer+1","BootSequence","Steam Power","Coolheaded+1","Steam+1","Capacitor","Cold Snap+1","Meteor Strike"],"relics":["Cracked Core","Mercury Hourglass","Pen Nib","Lantern","Cursed Key","Membership Card","Eternal Feather","Mummified Hand","Philosopher\u0027s Stone"],"potions_floor_usage":[4,7,13,16,20,23,23,33,39],"damage_taken":[{"damage":4,"enemies":"2 Louse","floor":1,"turns":3},{"damage":0,"enemies":"Small Slimes","floor":2,"turns":2},{"damage":1,"enemies":"Cultist","floor":3,"turns":3},{"damage":17,"enemies":"Lots of Slimes","floor":4,"turns":3},{"damage":10,"enemies":"3 Sentries","floor":7,"turns":5},{"damage":0,"enemies":"2 Fungi Beasts","floor":10,"turns":2},{"damage":11,"enemies":"Looter","floor":12,"turns":3},{"damage":0,"enemies":"Gremlin Nob","floor":13,"turns":2},{"damage":0,"enemies":"Exordium Wildlife","floor":14,"turns":2},{"damage":26,"enemies":"The Guardian","floor":16,"turns":11},{"damage":12,"enemies":"2 Thieves","floor":18,"turns":3},{"damage":0,"enemies":"Chosen","floor":20,"turns":3},{"damage":20,"enemies":"Snake Plant","floor":21,"turns":4},{"damage":0,"enemies":"Gremlin Leader","floor":23,"turns":7},{"damage":13,"enemies":"3 Cultists","floor":25,"turns":4},{"damage":29,"enemies":"Shelled Parasite and Fungi","floor":27,"turns":5},{"damage":16,"enemies":"Book of Stabbing","floor":28,"turns":4},{"damage":0,"enemies":"Cultist and Chosen","floor":29,"turns":4},{"damage":0,"enemies":"Snake Plant","floor":31,"turns":3},{"damage":15,"enemies":"Automaton","floor":33,"turns":10},{"damage":9,"enemies":"3 Darklings","floor":35,"turns":6},{"damage":9,"enemies":"3 Shapes","floor":37,"turns":3},{"damage":21,"enemies":"Maw","floor":39,"turns":8},{"damage":60,"enemies":"Reptomancer","floor":41,"turns":3}],"seed_played":"-5908179649082818663","potions_obtained":[{"floor":0,"key":"SteroidPotion"},{"floor":0,"key":"CultistPotion"},{"floor":4,"key":"Weak Potion"},{"floor":12,"key":"SkillPotion"},{"floor":18,"key":"Regen Potion"},{"floor":20,"key":"PotionOfCapacity"},{"floor":21,"key":"Regen Potion"},{"floor":31,"key":"FocusPotion"},{"floor":33,"key":"Strength Potion"},{"floor":35,"key":"SpeedPotion"},{"floor":39,"key":"Strength Potion"}],"is_trial":false,"path_per_floor":["M","M","M","M","$","R","E","R","T","M","R","M","E","M","R","B",null,"M","?","M","M","$","E","R","M","T","M","E","M","R","M","R","B",null,"M","?","M","?","M","R","E"],"character_chosen":"DEFECT","items_purchased":["Sunder","DuplicationPotion","Membership Card"],"campfire_rested":2,"item_purchase_floors":[5,22,22],"current_hp_per_floor":[60,60,59,42,42,42,32,32,32,32,32,21,21,21,42,16,57,45,45,54,34,34,49,61,48,48,19,3,3,39,39,54,39,63,54,54,45,45,24,39,0],"gold":248,"neow_bonus":"THREE_SMALL_POTIONS","is_prod":false,"is_daily":false,"chose_seed":false,"campfire_upgraded":6,"win_rate":0,"timestamp":1705648264,"path_taken":["M","M","M","M","$","R","E","R","T","M","R","M","E","M","R","BOSS","M","?","M","M","$","E","R","M","T","M","E","M","R","M","R","BOSS","M","?","M","?","M","R","E"],"build_version":"2022-12-18","purchased_purges":1,"victory":false,"max_hp_per_floor":[71,71,71,71,71,71,71,71,71,71,71,71,71,71,71,71,71,71,71,71,71,71,71,71,71,71,71,71,71,71,71,71,71,71,71,67,67,67,67,67,67],"card_choices":[{"not_picked":["Reinforced Body","Consume"],"picked":"Ball Lightning","floor":1},{"not_picked":["Lockon","Streamline"],"picked":"Rebound","floor":2},{"not_picked":["Steam Power","Conserve Battery"],"picked":"Genetic Algorithm","floor":3},{"not_picked":["Capacitor","Coolheaded"],"picked":"Auto Shields","floor":4},{"not_picked":["Hologram","Barrage"],"picked":"Turbo","floor":7},{"not_picked":["Stack","Double Energy","Darkness"],"picked":"SKIP","floor":10},{"not_picked":["Conserve Battery","Sweeping Beam"],"picked":"Beam Cell","floor":12},{"not_picked":["Ball Lightning","Steam"],"picked":"Sunder","floor":13},{"not_picked":["Beam Cell","Ball Lightning"],"picked":"Skim","floor":14},{"not_picked":["All For One","Machine Learning"],"picked":"Buffer","floor":16},{"not_picked":["White Noise","Redo"],"picked":"BootSequence","floor":18},{"not_picked":["Steam","Rebound","Go for the Eyes"],"picked":"SKIP","floor":20},{"not_picked":["Fusion","Melter","Chill"],"picked":"SKIP","floor":21},{"not_picked":["White Noise","Hello World"],"picked":"Steam Power","floor":23},{"not_picked":["Conserve Battery","Ball Lightning+1","Compile Driver"],"picked":"SKIP","floor":25},{"not_picked":["Force Field","Redo"],"picked":"Coolheaded","floor":27},{"not_picked":["Genetic Algorithm","Turbo"],"picked":"Steam+1","floor":28},{"not_picked":["Loop","Sweeping Beam"],"picked":"Capacitor","floor":29},{"not_picked":["Redo","Steam"],"picked":"Cold Snap+1","floor":31},{"not_picked":["Rainbow","Buffer"],"picked":"Meteor Strike","floor":33},{"not_picked":["Reprogram","Gash","Cold Snap"],"picked":"SKIP","floor":35},{"not_picked":["Melter","Chaos","Stack"],"picked":"SKIP","floor":37},{"not_picked":["Auto Shields+1","Storm","Steam+1"],"picked":"SKIP","floor":39}],"player_experience":1245335,"relics_obtained":[{"floor":7,"key":"Mercury Hourglass"},{"floor":9,"key":"Pen Nib"},{"floor":13,"key":"Lantern"},{"floor":23,"key":"Eternal Feather"},{"floor":28,"key":"Mummified Hand"}],"event_choices":[{"damage_healed":0,"gold_gain":0,"player_choice":"Ignored","damage_taken":0,"max_hp_gain":0,"max_hp_loss":0,"event_name":"The Mausoleum","floor":19,"gold_loss":0},{"damage_healed":0,"gold_gain":0,"player_choice":"Max HP","damage_taken":0,"max_hp_gain":0,"max_hp_loss":4,"event_name":"Winding Halls","floor":36,"gold_loss":0},{"damage_healed":0,"gold_gain":0,"player_choice":"Upgraded","damage_taken":0,"max_hp_gain":0,"max_hp_loss":0,"event_name":"Upgrade Shrine","floor":38,"gold_loss":0,"cards_upgraded":["Coolheaded"]}],"is_beta":false,"boss_relics":[{"not_picked":["Calling Bell","Coffee Dripper"],"picked":"Cursed Key"},{"not_picked":["Runic Dome","Black Star"],"picked":"Philosopher\u0027s Stone"}],"items_purged_floors":[5],"is_endless":false,"potions_floor_spawned":[1,2,4,12,18,20,21,31,33,35,39],"killed_by":"Reptomancer","ascension_level":20}