{"gold_per_floor":[111,31,50,66,66,66,91,134,134,34,50,125,125,145,145,238,238,256,272,272,187,200,200,200,200,223,253,271,271,300,313,313,384,384,395,395,410,426,442,476,476,476],"floor_reached":42,"playtime":1756,"items_purged":["Strike_B"],"score":990,"play_id":"83989287-38d3-490c-a90a-45f2b3d482f2","local_time":"20240202204745","is_ascension_mode":true,"campfire_choices":[{"data":"Sunder","floor":6,"key":"SMITH"},{"floor":13,"key":"REST"},{"data":"Defragment","floor":15,"key":"SMITH"},{"data":"Electrodynamics","floor":23,"key":"SMITH"},{"floor":25,"key":"REST"},{"floor":29,"key":"REST"},{"data":"Biased Cognition","floor":32,"key":"SMITH"},{"floor":41,"key":"REST"}],"neow_cost":"NONE","seed_source_timestamp":2030725130884000,"circlet_count":0,"master_deck":["AscendersBane","Strike_B","Defend_B","Defend_B","Defend_B","Defend_B+1","Zap","Dualcast","Streamline","Defragment+1","Sunder+1","Doom and Gloom","Ball Lightning","Biased Cognition+1","Beam Cell","Coolheaded","Capacitor+1","Skim+1","Electrodynamics+1","Ball Lightning","Cold Snap","Coolheaded","Self Repair","Hologram","Seek","Redo+1","Skim","Heatsinks+1"],"relics":["Cracked Core","NeowsBlessing","Bloody Idol","StrikeDummy","Ornamental Fan","Nuclear Battery","Lantern","Orichalcum","War Paint","Strawberry","Cursed Key","Happy Flower"],"potions_floor_usage":[8,11,30,33,40,40,42],"damage_taken":[{"damage":0,"enemies":"Cultist","floor":1,"turns":1},{"damage":0,"enemies":"2 Louse","floor":3,"turns":1},{"damage":0,"enemies":"Jaw Worm","floor":4,"turns":1},{"damage":11,"enemies":"Blue Slaver","floor":7,"turns":3},{"damage":15,"enemies":"3 Sentries","floor":8,"turns":6},{"damage":10,"enemies":"Large Slime","floor":11,"turns":3},{"damage":0,"enemies":"2 Fungi Beasts","floor":14,"turns":3},{"damage":21,"enemies":"The Guardian","floor":16,"turns":9},{"damage":27,"enemies":"2 Thieves","floor":18,"turns":4},{"damage":14,"enemies":"Spheric Guardian","floor":19,"turns":4},{"damage":0,"enemies":"Chosen and Byrds","floor":22,"turns":3},{"damage":11,"enemies":"Gremlin Leader","floor":27,"turns":4},{"damage":3,"enemies":"Snecko","floor":28,"turns":5},{"damage":4,"enemies":"Slavers","floor":30,"turns":4},{"damage":31,"enemies":"Snake Plant","floor":31,"turns":4},{"damage":22,"enemies":"Champ","floor":33,"turns":17},{"damage":9,"enemies":"3 Darklings","floor":35,"turns":3},{"damage":6,"enemies":"Orb Walker","floor":37,"turns":4},{"damage":0,"enemies":"3 Darklings","floor":38,"turns":2},{"damage":21,"enemies":"Jaw Worm Horde","floor":39,"turns":3},{"damage":42,"enemies":"Nemesis","floor":40,"turns":7},{"damage":71,"enemies":"Giant Head","floor":42,"turns":9}],"seed_played":"-1088429940136906070","potions_obtained":[{"floor":1,"key":"Swift Potion"},{"floor":4,"key":"Energy Potion"},{"floor":14,"key":"Explosive Potion"},{"floor":19,"key":"GamblersBrew"},{"floor":22,"key":"Ancient Potion"},{"floor":33,"key":"LiquidMemories"},{"floor":37,"key":"Regen Potion"},{"floor":40,"key":"Energy Potion"}],"is_trial":false,"path_per_floor":["M","$","M","M","?","R","M","E","T","$","M","?","R","M","R","B",null,"M","M","?","?","M","R","?","R","T","E","M","R","E","M","R","B",null,"M","?","M","M","M","E","R","E"],"character_chosen":"DEFECT","items_purchased":["Defragment","Beam Cell"],"campfire_rested":4,"item_purchase_floors":[2,10],"current_hp_per_floor":[64,64,64,64,64,64,53,38,38,38,28,17,36,36,36,15,52,25,11,11,11,11,11,11,30,35,29,31,50,58,39,39,29,61,57,57,56,61,52,36,57,0],"gold":476,"neow_bonus":"THREE_ENEMY_KILL","is_prod":false,"is_daily":false,"chose_seed":false,"campfire_upgraded":4,"win_rate":0,"timestamp":1706935665,"path_taken":["M","$","?","M","?","R","M","E","T","$","M","?","R","M","R","BOSS","M","M","?","?","M","R","?","R","T","E","M","R","E","M","R","BOSS","M","?","M","M","M","E","R","E"],"build_version":"2022-12-18","purchased_purges":1,"victory":false,"max_hp_per_floor":[71,71,71,71,64,64,64,64,64,64,64,64,64,64,64,64,64,64,64,64,64,64,64,64,64,64,64,64,64,71,71,71,71,71,71,71,71,71,71,71,71,71],"card_choices":[{"not_picked":["Reprogram","Compile Driver"],"picked":"Streamline","floor":1},{"not_picked":["Turbo","Conserve Battery"],"picked":"Sunder","floor":3},{"not_picked":["Compile Driver","Fusion"],"picked":"Doom and Gloom","floor":4},{"not_picked":["Rip and Tear","Scrape"],"picked":"Ball Lightning","floor":7},{"not_picked":["Gash","Chaos"],"picked":"Biased Cognition","floor":8},{"not_picked":["Sweeping Beam","Steam Power"],"picked":"Cold Snap","floor":11},{"not_picked":["Storm","Fusion"],"picked":"Coolheaded","floor":14},{"not_picked":["Leap","Sweeping Beam+1"],"picked":"Capacitor+1","floor":18},{"not_picked":["Compile Driver","Barrage"],"picked":"Skim","floor":19},{"not_picked":["Sweeping Beam","Redo"],"picked":"Cold Snap","floor":22},{"not_picked":["Streamline","Darkness","Steam"],"picked":"SKIP","floor":27},{"not_picked":["Go for the Eyes","Double Energy"],"picked":"Coolheaded","floor":28},{"not_picked":["Reprogram","Beam Cell"],"picked":"Self Repair","floor":30},{"not_picked":["Turbo","Compile Driver"],"picked":"Hologram","floor":31},{"not_picked":["Electrodynamics","Rainbow"],"picked":"Seek","floor":33},{"not_picked":["Sweeping Beam","Stack","Storm+1"],"picked":"SKIP","floor":35},{"not_picked":["Steam","Gash"],"picked":"Redo+1","floor":37},{"not_picked":["Conserve Battery+1","Ball Lightning+1"],"picked":"Skim","floor":38},{"not_picked":["Rip and Tear","Hologram","Steam+1"],"picked":"SKIP","floor":39},{"not_picked":["Cold Snap+1","Turbo"],"picked":"Heatsinks+1","floor":40}],"player_experience":1308657,"relics_obtained":[{"floor":8,"key":"StrikeDummy"},{"floor":9,"key":"Ornamental Fan"},{"floor":26,"key":"Orichalcum"},{"floor":27,"key":"War Paint"},{"floor":30,"key":"Strawberry"},{"floor":40,"key":"Happy Flower"}],"event_choices":[{"damage_healed":0,"gold_gain":0,"player_choice":"Lose Max HP","damage_taken":0,"relics_obtained":["Golden Idol"],"max_hp_gain":0,"max_hp_loss":7,"event_name":"Golden Idol","floor":5,"gold_loss":0},{"damage_healed":0,"gold_gain":75,"player_choice":"Gather Gold","damage_taken":11,"max_hp_gain":0,"max_hp_loss":0,"event_name":"World of Goop","floor":12,"gold_loss":0},{"damage_healed":0,"gold_gain":0,"cards_transformed":["Strike_B","Strike_B"],"player_choice":"Became Test Subject","damage_taken":0,"max_hp_gain":0,"max_hp_loss":0,"event_name":"Drug Dealer","floor":20,"gold_loss":0,"cards_obtained":["Electrodynamics","Ball Lightning"]},{"damage_healed":0,"gold_gain":0,"player_choice":"Obtained Relic","damage_taken":0,"relics_obtained":["Lantern"],"max_hp_gain":0,"max_hp_loss":0,"event_name":"Addict","floor":21,"gold_loss":85},{"damage_healed":0,"gold_gain":0,"player_choice":"Gave Idol","damage_taken":0,"relics_obtained":["Bloody Idol"],"max_hp_gain":0,"max_hp_loss":0,"event_name":"Forgotten Altar","floor":24,"relics_lost":["Golden Idol"],"gold_loss":0},{"cards_removed":["Cold Snap"],"damage_healed":0,"gold_gain":0,"player_choice":"Removed Attack","damage_taken":0,"max_hp_gain":0,"max_hp_loss":0,"event_name":"Falling","floor":36,"gold_loss":0}],"is_beta":false,"boss_relics":[{"not_picked":["Black Star","Inserter"],"picked":"Nuclear Battery"},{"not_picked":["Sozu","Snecko Eye"],"picked":"Cursed Key"}],"items_purged_floors":[10],"is_endless":false,"potions_floor_spawned":[1,4,7,14,19,22,33,37,40],"killed_by":"Giant Head","ascension_level":20}