{"gold_per_floor":[115,115,134,152,152,224,239,1,25,25,39,39,73,73,73,150,150,150,150,150,150,150,150,150,150,150,150,150,150,150,150,150,150,150,150,150,150,150,150,150,150,150,150,150,45,45,45,45,45,45,45,45,45,45,45,45],"floor_reached":56,"playtime":4611,"items_purged":["Strike_B","Defend_B"],"score":1890,"play_id":"6d64f186-3cdf-4ebf-8951-a7645aeff95c","local_time":"20240207221042","is_ascension_mode":true,"campfire_choices":[{"data":"Streamline","floor":10.0,"key":"SMITH"},{"floor":12.0,"key":"REST"},{"data":"Coolheaded","floor":15.0,"key":"SMITH"},{"floor":23.0,"key":"REST"},{"data":"Defragment","floor":25.0,"key":"SMITH"},{"data":"Coolheaded","floor":29.0,"key":"SMITH"},{"floor":32.0,"key":"REST"},{"data":"Defragment","floor":40.0,"key":"SMITH"},{"floor":42.0,"key":"REST"},{"floor":44.0,"key":"REST"},{"floor":49.0,"key":"RECALL"},{"data":"Capacitor","floor":53.0,"key":"SMITH"}],"neow_cost":"NONE","seed_source_timestamp":2464327189723000,"circlet_count":0,"master_deck":["AscendersBane","Defend_B","Defend_B","Zap","Dualcast","Steam Power","Streamline+1","Rebound","Hologram+1","Aggregate","BootSequence","Genetic Algorithm","Reinforced Body","Coolheaded+1","Core Surge","Defragment+1","Go for the Eyes","Coolheaded+1","Echo Form","Defragment+1","Glacier","Echo Form","Defragment","Skim","Coolheaded+1","Capacitor+1","Recycle"],"special_seed":0,"relics":["Cracked Core","Blood Vial","Centennial Puzzle","PreservedInsect","Ectoplasm","Smiling Mask","Anchor","Symbiotic Virus","Boot","Nuclear Battery","Emotion Chip","StrikeDummy","Torii"],"potions_floor_usage":[56,56],"damage_taken":[{"damage":1.0,"enemies":"2 Louse","floor":1.0,"turns":3.0},{"damage":0.0,"enemies":"Cultist","floor":3.0,"turns":3.0},{"damage":2.0,"enemies":"Jaw Worm","floor":4.0,"turns":3.0},{"damage":12.0,"enemies":"3 Sentries","floor":6.0,"turns":6.0},{"damage":14.0,"enemies":"Exordium Wildlife","floor":7.0,"turns":3.0},{"damage":12.0,"enemies":"Lots of Slimes","floor":11.0,"turns":3.0},{"damage":8.0,"enemies":"Lagavulin","floor":13.0,"turns":6.0},{"damage":34.0,"enemies":"The Guardian","floor":16.0,"turns":15.0},{"damage":3.0,"enemies":"Spheric Guardian","floor":18.0,"turns":8.0},{"damage":10.0,"enemies":"Chosen","floor":21.0,"turns":3.0},{"damage":17.0,"enemies":"Sentry and Sphere","floor":22.0,"turns":8.0},{"damage":10.0,"enemies":"Book of Stabbing","floor":24.0,"turns":4.0},{"damage":20.0,"enemies":"Slavers","floor":27.0,"turns":8.0},{"damage":4.0,"enemies":"Snake Plant","floor":28.0,"turns":4.0},{"damage":9.0,"enemies":"Shelled Parasite and Fungi","floor":30.0,"turns":11.0},{"damage":8.0,"enemies":"Gremlin Leader","floor":31.0,"turns":10.0},{"damage":34.0,"enemies":"Champ","floor":33.0,"turns":17.0},{"damage":1.0,"enemies":"3 Darklings","floor":35.0,"turns":7.0},{"damage":0.0,"enemies":"3 Shapes","floor":36.0,"turns":6.0},{"damage":0.0,"enemies":"Writhing Mass","floor":38.0,"turns":9.0},{"damage":15.0,"enemies":"Maw","floor":39.0,"turns":8.0},{"damage":54.0,"enemies":"2 Orb Walkers","floor":41.0,"turns":9.0},{"damage":0.0,"enemies":"Giant Head","floor":47.0,"turns":10.0},{"damage":6.0,"enemies":"Sphere and 2 Shapes","floor":48.0,"turns":7.0},{"damage":14.0,"enemies":"Awakened One","floor":50.0,"turns":24.0},{"damage":6.0,"enemies":"Donu and Deca","floor":51.0,"turns":18.0},{"damage":42.0,"enemies":"Shield and Spear","floor":55.0,"turns":7.0},{"damage":27,"enemies":"The Heart","floor":56,"turns":11}],"seed_played":"4396322363589963256","potions_obtained":[{"floor":1.0,"key":"Energy Potion"},{"floor":4.0,"key":"ColorlessPotion"},{"floor":16.0,"key":"FearPotion"},{"floor":18.0,"key":"BlessingOfTheForge"},{"floor":27.0,"key":"Regen Potion"},{"floor":28.0,"key":"Ancient Potion"},{"floor":31.0,"key":"Swift Potion"},{"floor":48.0,"key":"Regen Potion"},{"floor":55.0,"key":"BlessingOfTheForge"}],"is_trial":false,"path_per_floor":["M","?","M","M","?","E","M","$","T","R","M","R","E","?","R","B",null,"M","?","?","M","M","R","E","R","T","E","M","R","M","E","R","B",null,"M","M","?","M","M","R","?","R","T","R","$","?","E","M","R","B","B",null,"R","$","E","B"],"character_chosen":"DEFECT","items_purchased":["Fruit Juice","Block Potion","Block Potion"],"campfire_rested":5,"item_purchase_floors":[8,8,45],"current_hp_per_floor":[63,56,56,54,54,42,30,35,35,35,25,47,41,41,41,9,59,58,58,58,50,35,57,49,49,49,31,29,29,37,31,53,21,62,63,65,65,67,54,54,2,23,23,44,44,44,46,42,42,45,41,64,64,64,24,0],"gold":45,"neow_bonus":"TRANSFORM_CARD","is_prod":false,"is_daily":false,"chose_seed":false,"campfire_upgraded":6,"win_rate":0,"timestamp":1707372642,"path_taken":["M","?","M","M","?","E","M","$","T","R","?","R","E","?","R","BOSS","M","?","?","M","M","R","E","R","T","E","M","R","M","E","R","BOSS","M","?","?","M","M","R","?","R","T","R","$","?","E","M","R","BOSS","BOSS","R","$","E","BOSS"],"build_version":"2022-12-18","purchased_purges":2,"victory":false,"max_hp_per_floor":[71,71,71,71,71,71,71,76,76,76,76,76,76,76,76,76,76,76,76,76,76,76,76,76,76,76,76,76,76,76,76,76,76,76,76,76,72,72,72,72,72,72,72,72,72,72,72,72,72,72,72,72,72,72,72,72],"card_choices":[{"not_picked":["Chaos","Gash"],"picked":"Streamline","floor":1.0},{"not_picked":["Coolheaded","Hologram"],"picked":"Rebound","floor":3.0},{"not_picked":["Turbo","Melter"],"picked":"Hologram","floor":4.0},{"not_picked":["Ball Lightning","FTL"],"picked":"BootSequence","floor":6.0},{"not_picked":["Go for the Eyes","Compile Driver"],"picked":"Genetic Algorithm","floor":7.0},{"not_picked":["Gash","Hyperbeam"],"picked":"Reinforced Body","floor":11.0},{"not_picked":["Streamline","Steam"],"picked":"Coolheaded","floor":13.0},{"not_picked":["Machine Learning","Meteor Strike"],"picked":"Core Surge","floor":16.0},{"not_picked":["Compile Driver","Streamline","Steam"],"picked":"SKIP","floor":18.0},{"not_picked":["Lockon","Redo","Recycle"],"picked":"SKIP","floor":21.0},{"not_picked":["Rebound","Leap"],"picked":"Go for the Eyes","floor":22.0},{"not_picked":["Reinforced Body","Streamline"],"picked":"Coolheaded","floor":24.0},{"not_picked":["Sweeping Beam","Static Discharge","FTL"],"picked":"SKIP","floor":27.0},{"not_picked":["Steam","Barrage"],"picked":"Echo Form","floor":28.0},{"not_picked":["Doom and Gloom","Storm"],"picked":"Defragment","floor":30.0},{"not_picked":["Go for the Eyes+1","Blizzard"],"picked":"Glacier","floor":31.0},{"not_picked":["Meteor Strike","Reboot"],"picked":"Echo Form","floor":33.0},{"not_picked":["Cold Snap","Barrage"],"picked":"Defragment","floor":35.0},{"not_picked":["Coolheaded","Scrape"],"picked":"Skim","floor":36.0},{"not_picked":["Conserve Battery+1","Skim"],"picked":"Coolheaded+1","floor":38.0},{"not_picked":["Glacier","Leap","Fusion"],"picked":"SKIP","floor":39.0},{"not_picked":["Gash+1","Scrape"],"picked":"Beam Cell","floor":41.0},{"not_picked":["Streamline+1","Beam Cell"],"picked":"Capacitor","floor":47.0},{"not_picked":["Cold Snap","Redo"],"picked":"Recycle","floor":48.0},{"not_picked":["Sweeping Beam","Static Discharge","Genetic Algorithm"],"picked":"SKIP","floor":55.0}],"player_experience":1324885,"relics_obtained":[{"floor":6.0,"key":"Blood Vial"},{"floor":9.0,"key":"Centennial Puzzle"},{"floor":13.0,"key":"PreservedInsect"},{"floor":24.0,"key":"Smiling Mask"},{"floor":26.0,"key":"Anchor"},{"floor":27.0,"key":"Symbiotic Virus"},{"floor":31.0,"key":"Boot"},{"floor":41.0,"key":"Emotion Chip"},{"floor":47.0,"key":"StrikeDummy"},{"floor":55.0,"key":"Torii"}],"event_choices":[{"cards_removed":["Strike_B"],"damage_healed":0.0,"max_hp_gain":0.0,"max_hp_loss":0.0,"gold_gain":0.0,"event_name":"Golden Wing","player_choice":"Card Removal","floor":2.0,"gold_loss":0.0,"damage_taken":7.0},{"damage_healed":0.0,"max_hp_gain":0.0,"max_hp_loss":0.0,"gold_gain":0.0,"cards_transformed":["Strike_B"],"event_name":"Transmorgrifier","player_choice":"Transformed","floor":5.0,"gold_loss":0.0,"damage_taken":0.0,"cards_obtained":["Aggregate"]},{"damage_healed":0.0,"max_hp_gain":0.0,"max_hp_loss":0.0,"gold_gain":0.0,"event_name":"Living Wall","player_choice":"Grow","floor":14.0,"gold_loss":0.0,"damage_taken":0.0,"cards_upgraded":["Hologram"]},{"damage_healed":0.0,"max_hp_gain":0.0,"max_hp_loss":0.0,"gold_gain":0.0,"event_name":"The Library","player_choice":"Read","floor":19.0,"gold_loss":0.0,"damage_taken":0.0,"cards_obtained":["Defragment"]},{"cards_removed":["Defend_B"],"damage_healed":0.0,"max_hp_gain":0.0,"max_hp_loss":0.0,"gold_gain":0.0,"event_name":"Bonfire Elementals","player_choice":"Offered Basic","floor":20.0,"gold_loss":0.0,"damage_taken":0.0},{"damage_healed":0.0,"max_hp_gain":0.0,"max_hp_loss":4.0,"gold_gain":0.0,"event_name":"Winding Halls","player_choice":"Max HP","floor":37.0,"gold_loss":0.0,"damage_taken":0.0},{"damage_healed":0.0,"max_hp_gain":0.0,"max_hp_loss":0.0,"gold_gain":0.0,"event_name":"Mysterious Sphere","player_choice":"Fight","floor":41.0,"gold_loss":0.0,"damage_taken":0.0},{"cards_removed":["Beam Cell"],"damage_healed":0.0,"max_hp_gain":0.0,"max_hp_loss":0.0,"gold_gain":0.0,"event_name":"Falling","player_choice":"Removed Attack","floor":46.0,"gold_loss":0.0,"damage_taken":0.0}],"is_beta":false,"boss_relics":[{"not_picked":["Astrolabe","Pandora\u0027s Box"],"picked":"Ectoplasm"},{"not_picked":["Philosopher\u0027s Stone","Empty Cage"],"picked":"Nuclear Battery"}],"items_purged_floors":[8,45],"is_endless":false,"potions_floor_spawned":[1,4,16,18,27,28,31,38,47,48,55],"killed_by":"The Heart","ascension_level":20}