{"gold_per_floor":[115,131,143,163,163,163,192,192,192,208,237,237,105,123,123,198,198,209,134,154,172,172,172,122,156,156,56,56,89,105,123,123,197,197,209,223,234,234,251,251],"floor_reached":40,"playtime":1947,"items_purged":["Strike_B","Decay"],"score":980,"play_id":"fe3483d4-bc88-478b-921e-d6fe3929a620","local_time":"20240205192653","is_ascension_mode":true,"campfire_choices":[{"data":"Sweeping Beam","floor":6,"key":"SMITH"},{"data":"Beam Cell","floor":12,"key":"SMITH"},{"data":"Coolheaded","floor":15,"key":"SMITH"},{"floor":23,"key":"REST"},{"floor":28,"key":"REST"},{"data":"White Noise","floor":32,"key":"SMITH"}],"neow_cost":"NONE","seed_source_timestamp":2284892202185200,"circlet_count":0,"master_deck":["AscendersBane","Defend_B","Defend_B","Defend_B","Defend_B","Zap","Dualcast","Rip and Tear+1","Coolheaded+1","Ball Lightning","Sweeping Beam+1","Chill+1","Core Surge","Beam Cell+1","Hologram","Conserve Battery","Echo Form","Reinforced Body","Sweeping Beam+1","Reinforced Body","Glacier","Consume+1","White Noise+1","Lockon","Electrodynamics","Aggregate","Echo Form","Hologram+1"],"relics":["Cracked Core","Vajra","Darkstone Periapt","Cables","Blue Candle","Cursed Key","Enchiridion","Emotion Chip","Anchor","Snecko Eye"],"potions_floor_usage":[7,16,29,33,40,40],"damage_taken":[{"damage":1,"enemies":"Cultist","floor":1,"turns":4},{"damage":0,"enemies":"Small Slimes","floor":2,"turns":2},{"damage":12,"enemies":"Jaw Worm","floor":3,"turns":2},{"damage":0,"enemies":"Large Slime","floor":4,"turns":4},{"damage":3,"enemies":"Lagavulin","floor":7,"turns":6},{"damage":5,"enemies":"2 Fungi Beasts","floor":10,"turns":3},{"damage":4,"enemies":"Gremlin Nob","floor":11,"turns":3},{"damage":0,"enemies":"Gremlin Gang","floor":14,"turns":3},{"damage":0,"enemies":"Slime Boss","floor":16,"turns":3},{"damage":0,"enemies":"2 Thieves","floor":18,"turns":4},{"damage":2,"enemies":"3 Byrds","floor":20,"turns":4},{"damage":4,"enemies":"3 Cultists","floor":21,"turns":4},{"damage":38,"enemies":"Book of Stabbing","floor":25,"turns":6},{"damage":9,"enemies":"Slavers","floor":29,"turns":4},{"damage":0,"enemies":"Centurion and Healer","floor":30,"turns":6},{"damage":1,"enemies":"Snake Plant","floor":31,"turns":3},{"damage":14,"enemies":"Champ","floor":33,"turns":10},{"damage":15,"enemies":"Orb Walker","floor":35,"turns":5},{"damage":0,"enemies":"3 Darklings","floor":36,"turns":4},{"damage":13,"enemies":"Writhing Mass","floor":37,"turns":8},{"damage":0,"enemies":"4 Shapes","floor":39,"turns":1},{"damage":41,"enemies":"Reptomancer","floor":40,"turns":2}],"seed_played":"3536465418079985786","potions_obtained":[{"floor":2,"key":"Weak Potion"},{"floor":3,"key":"LiquidBronze"},{"floor":7,"key":"SkillPotion"},{"floor":11,"key":"DuplicationPotion"},{"floor":18,"key":"Explosive Potion"},{"floor":20,"key":"EssenceOfDarkness"},{"floor":30,"key":"DistilledChaos"},{"floor":36,"key":"SneckoOil"}],"is_trial":false,"path_per_floor":["M","M","M","M","?","R","E","?","T","M","E","R","$","M","R","B",null,"M","?","M","M","?","R","?","E","T","$","R","E","M","M","R","B",null,"M","M","M","?","M","E"],"character_chosen":"DEFECT","items_purchased":["Hologram"],"campfire_rested":2,"item_purchase_floors":[13],"current_hp_per_floor":[63,63,51,51,51,51,48,41,41,36,32,32,32,32,32,32,61,61,61,59,55,34,55,55,17,23,23,46,37,37,36,36,22,63,48,48,35,35,35,0],"gold":251,"neow_bonus":"RANDOM_COMMON_RELIC","is_prod":false,"is_daily":false,"chose_seed":false,"campfire_upgraded":4,"win_rate":0,"timestamp":1707190013,"path_taken":["M","M","M","M","?","R","E","?","T","M","E","R","$","M","R","BOSS","M","?","M","M","?","R","?","E","T","$","R","E","?","?","R","BOSS","M","M","M","?","?","E"],"build_version":"2022-12-18","purchased_purges":2,"victory":false,"max_hp_per_floor":[71,71,71,71,71,71,71,71,71,71,71,71,71,71,71,71,71,71,71,71,71,71,71,71,71,77,77,77,77,77,77,77,77,77,77,77,77,77,77,77],"card_choices":[{"not_picked":["Go for the Eyes","Conserve Battery"],"picked":"Rip and Tear","floor":1},{"not_picked":["Tempest","Force Field"],"picked":"Coolheaded","floor":2},{"not_picked":["Gash","Turbo"],"picked":"Ball Lightning","floor":3},{"not_picked":["Rebound","Rainbow"],"picked":"Sweeping Beam","floor":4},{"not_picked":["Turbo","Sweeping Beam"],"picked":"Core Surge","floor":7},{"not_picked":["Heatsinks","Barrage"],"picked":"Beam Cell","floor":10},{"not_picked":["Recycle","Chaos","Aggregate"],"picked":"SKIP","floor":11},{"not_picked":["Hello World","Beam Cell"],"picked":"Conserve Battery","floor":14},{"not_picked":["All For One","Buffer"],"picked":"Echo Form","floor":16},{"not_picked":["Storm","Go for the Eyes"],"picked":"Reinforced Body","floor":18},{"not_picked":["Force Field+1","BootSequence"],"picked":"Sweeping Beam+1","floor":20},{"not_picked":["Beam Cell","Gash"],"picked":"Reinforced Body","floor":21},{"not_picked":["Double Energy","Barrage"],"picked":"Glacier","floor":25},{"not_picked":["Aggregate","Rebound"],"picked":"Consume+1","floor":29},{"not_picked":["Leap","Cold Snap"],"picked":"White Noise","floor":30},{"not_picked":["Hello World","Storm"],"picked":"Lockon","floor":31},{"not_picked":["Rainbow","Reboot"],"picked":"Electrodynamics","floor":33},{"not_picked":["Gash+1","Rebound","Cold Snap"],"picked":"SKIP","floor":35},{"not_picked":["Gash","Melter"],"picked":"Aggregate","floor":36},{"not_picked":["Redo","Barrage+1","Cold Snap"],"picked":"SKIP","floor":37},{"not_picked":["Ball Lightning+1","Rebound"],"picked":"Hologram+1","floor":39}],"player_experience":1319528,"relics_obtained":[{"floor":7,"key":"Darkstone Periapt"},{"floor":9,"key":"Cables"},{"floor":11,"key":"Blue Candle"},{"floor":22,"key":"Enchiridion"},{"floor":25,"key":"Emotion Chip"},{"floor":29,"key":"Anchor"}],"event_choices":[{"damage_healed":0,"gold_gain":0,"cards_transformed":["Strike_B"],"player_choice":"Change","damage_taken":0,"max_hp_gain":0,"max_hp_loss":0,"event_name":"Living Wall","floor":5,"gold_loss":0,"cards_obtained":["Chill"]},{"cards_removed":["Strike_B"],"damage_healed":0,"gold_gain":0,"player_choice":"Card Removal","damage_taken":7,"max_hp_gain":0,"max_hp_loss":0,"event_name":"Golden Wing","floor":8,"gold_loss":0},{"cards_removed":["Strike_B"],"damage_healed":0,"gold_gain":0,"player_choice":"Gave Gold","damage_taken":0,"max_hp_gain":0,"max_hp_loss":0,"event_name":"Beggar","floor":19,"gold_loss":75},{"damage_healed":0,"gold_gain":0,"player_choice":"Obtained Book","damage_taken":21,"max_hp_gain":0,"max_hp_loss":0,"event_name":"Cursed Tome","floor":22,"gold_loss":0},{"damage_healed":0,"gold_gain":0,"player_choice":"Upgraded Two","damage_taken":0,"max_hp_gain":0,"max_hp_loss":0,"event_name":"Designer","floor":24,"gold_loss":50,"cards_upgraded":["Rip and Tear","Chill"]},{"damage_healed":0,"gold_gain":0,"player_choice":"Copied","damage_taken":0,"max_hp_gain":0,"max_hp_loss":0,"event_name":"Duplicator","floor":38,"gold_loss":0,"cards_obtained":["Echo Form"]}],"is_beta":false,"boss_relics":[{"not_picked":["Velvet Choker","FrozenCore"],"picked":"Cursed Key"},{"not_picked":["Sozu","Coffee Dripper"],"picked":"Snecko Eye"}],"items_purged_floors":[13,27],"is_endless":false,"potions_floor_spawned":[2,3,7,11,18,20,30,36],"killed_by":"Reptomancer","ascension_level":20}