{"gold_per_floor":[15,25,35,55,55,55,81,81,81,100,100,113,124,136,136,210,210,220,48,58,78,89,89,116,116],"floor_reached":25,"playtime":1208,"items_purged":["Strike_B"],"score":458,"play_id":"cf58f2ad-1452-4b8b-841d-31f78dc9c83f","local_time":"20240204233604","is_ascension_mode":true,"campfire_choices":[{"data":"Ball Lightning","floor":6,"key":"SMITH"},{"data":"Multi-Cast","floor":8,"key":"SMITH"},{"data":"Zap","floor":11,"key":"SMITH"},{"data":"Beam Cell","floor":15,"key":"SMITH"},{"data":"Sunder","floor":23,"key":"SMITH"}],"neow_cost":"NO_GOLD","seed_source_timestamp":2214174179680500,"circlet_count":0,"master_deck":["AscendersBane","Strike_B","Strike_B","Defend_B","Defend_B","Defend_B","Defend_B","Zap+1","Dualcast","Auto Shields","Ball Lightning+1","Conserve Battery","Multi-Cast+1","Beam Cell+1","Sunder+1","Aggregate","Echo Form","Conserve Battery","Capacitor","Machine Learning"],"relics":["Cracked Core","Pocketwatch","Meat on the Bone","Shuriken","Coffee Dripper","Sundial"],"potions_floor_usage":[16,21,24],"damage_taken":[{"damage":0,"enemies":"2 Louse","floor":1,"turns":3},{"damage":1,"enemies":"Cultist","floor":2,"turns":4},{"damage":1,"enemies":"Jaw Worm","floor":3,"turns":3},{"damage":0,"enemies":"Large Slime","floor":4,"turns":4},{"damage":13,"enemies":"3 Sentries","floor":7,"turns":7},{"damage":5,"enemies":"Lots of Slimes","floor":10,"turns":4},{"damage":1,"enemies":"Exordium Thugs","floor":12,"turns":4},{"damage":9,"enemies":"3 Louse","floor":13,"turns":2},{"damage":0,"enemies":"Large Slime","floor":14,"turns":3},{"damage":6,"enemies":"Slime Boss","floor":16,"turns":7},{"damage":17,"enemies":"2 Thieves","floor":18,"turns":4},{"damage":1,"enemies":"Chosen","floor":20,"turns":5},{"damage":24,"enemies":"Centurion and Healer","floor":21,"turns":5},{"damage":19,"enemies":"Snake Plant","floor":22,"turns":3},{"damage":19,"enemies":"Book of Stabbing","floor":24,"turns":3},{"damage":34,"enemies":"3 Cultists","floor":25,"turns":4}],"seed_played":"5598285496804152231","potions_obtained":[{"floor":1,"key":"EntropicBrew"},{"floor":2,"key":"Ancient Potion"},{"floor":7,"key":"Fire Potion"},{"floor":21,"key":"DuplicationPotion"}],"is_trial":false,"path_per_floor":["M","M","M","M","?","R","E","R","T","M","R","M","M","M","R","B",null,"M","$","M","M","M","R","E","M"],"character_chosen":"DEFECT","items_purchased":["Capacitor","AttackPotion"],"campfire_rested":0,"item_purchase_floors":[19,19],"current_hp_per_floor":[64,63,62,62,62,62,49,49,49,44,44,43,46,46,46,40,63,46,46,45,33,26,26,19,0],"gold":116,"neow_bonus":"ONE_RARE_RELIC","is_prod":false,"is_daily":false,"chose_seed":false,"campfire_upgraded":5,"win_rate":0,"timestamp":1707118564,"path_taken":["M","M","M","M","?","R","E","R","T","M","R","M","M","M","R","BOSS","M","$","M","M","M","R","E","M"],"build_version":"2022-12-18","purchased_purges":1,"victory":false,"max_hp_per_floor":[71,71,71,71,71,71,71,71,71,71,71,71,71,71,71,71,71,71,71,71,71,71,71,71,71],"card_choices":[{"not_picked":["Lockon","Streamline"],"picked":"Auto Shields","floor":1},{"not_picked":["Loop","Leap","Storm"],"picked":"SKIP","floor":2},{"not_picked":["Go for the Eyes","Gash"],"picked":"Ball Lightning","floor":3},{"not_picked":["Hologram","Undo"],"picked":"Conserve Battery","floor":4},{"not_picked":["Skim","Rebound"],"picked":"Multi-Cast","floor":7},{"not_picked":["Coolheaded","Static Discharge"],"picked":"Beam Cell","floor":10},{"not_picked":["Gash","Hologram"],"picked":"Sunder","floor":12},{"not_picked":["Leap","Rip and Tear"],"picked":"Aggregate","floor":13},{"not_picked":["Storm","Fusion","Scrape"],"picked":"SKIP","floor":14},{"not_picked":["Fission","Meteor Strike"],"picked":"Echo Form","floor":16},{"not_picked":["Loop","Leap"],"picked":"Conserve Battery","floor":18},{"not_picked":["Go for the Eyes","Stack","BootSequence"],"picked":"SKIP","floor":20},{"not_picked":["Redo","Steam+1","Streamline"],"picked":"SKIP","floor":21},{"not_picked":["Go for the Eyes","Redo","Leap"],"picked":"SKIP","floor":22},{"not_picked":["Capacitor","Auto Shields"],"picked":"Machine Learning","floor":24}],"player_experience":1318320,"relics_obtained":[{"floor":7,"key":"Meat on the Bone"},{"floor":9,"key":"Shuriken"},{"floor":24,"key":"Sundial"}],"event_choices":[{"cards_removed":["Strike_B"],"damage_healed":0,"gold_gain":0,"player_choice":"Card Removal","damage_taken":0,"max_hp_gain":0,"max_hp_loss":0,"event_name":"Wheel of Change","floor":5,"gold_loss":0}],"is_beta":false,"boss_relics":[{"not_picked":["Empty Cage","Tiny House"],"picked":"Coffee Dripper"}],"items_purged_floors":[19],"is_endless":false,"potions_floor_spawned":[1,2,4,7,21,22],"killed_by":"3 Cultists","ascension_level":20}