{"gold_per_floor":[119,137,147,33,83,83,33,33,60,92,92,111,136,148,148,222,222,179,179,195,81,81,81,108,108,108,124,124,139,149,199,199,199],"floor_reached":33,"playtime":1249,"items_purged":["Strike_B"],"score":550,"play_id":"f1d5c388-3c08-4661-aaea-fcc2df2ef290","local_time":"20240214061637","is_ascension_mode":true,"campfire_choices":[{"data":"Lockon","floor":6,"key":"SMITH"},{"data":"Beam Cell","floor":8,"key":"SMITH"},{"floor":15,"key":"REST"},{"data":"Consume","floor":23,"key":"SMITH"},{"data":"Turbo","floor":25,"key":"SMITH"},{"data":"Buffer","floor":28,"key":"SMITH"},{"data":"Coolheaded","floor":32,"key":"SMITH"}],"neow_cost":"NONE","seed_source_timestamp":3015811722063800,"circlet_count":0,"master_deck":["AscendersBane","Strike_B","Strike_B","Strike_B","Defend_B","Defend_B","Defend_B","Defend_B","Zap","Dualcast","Beam Cell+1","Undo","Tempest","Glacier","Lockon+1","Coolheaded+1","Coolheaded","Cold Snap","Buffer+1","Consume+1","Biased Cognition","Tempest+1","Turbo+1","Skim","Self Repair"],"relics":["Inserter","Anchor","Du-Vu Doll","Bag of Marbles","Runic Dome","Boot"],"potions_floor_usage":[13,24,24,33],"damage_taken":[{"damage":1,"enemies":"Cultist","floor":1,"turns":3},{"damage":4,"enemies":"Jaw Worm","floor":2,"turns":4},{"damage":4,"enemies":"Small Slimes","floor":3,"turns":4},{"damage":15,"enemies":"Lagavulin","floor":10,"turns":7},{"damage":0,"enemies":"Looter","floor":12,"turns":3},{"damage":28,"enemies":"Gremlin Nob","floor":13,"turns":4},{"damage":0,"enemies":"2 Fungi Beasts","floor":14,"turns":4},{"damage":21,"enemies":"Slime Boss","floor":16,"turns":16},{"damage":4,"enemies":"2 Thieves","floor":18,"turns":5},{"damage":1,"enemies":"Chosen","floor":20,"turns":4},{"damage":24,"enemies":"Slavers","floor":24,"turns":4},{"damage":0,"enemies":"Snecko","floor":27,"turns":8},{"damage":6,"enemies":"Shelled Parasite and Fungi","floor":29,"turns":6},{"damage":0,"enemies":"Sentry and Sphere","floor":30,"turns":7},{"damage":43,"enemies":"Collector","floor":33,"turns":7}],"seed_played":"3337840860928828939","potions_obtained":[{"floor":12,"key":"FearPotion"},{"floor":14,"key":"GamblersBrew"},{"floor":16,"key":"FocusPotion"},{"floor":27,"key":"LiquidBronze"},{"floor":29,"key":"LiquidMemories"}],"is_trial":false,"path_per_floor":["M","M","M","$","?","R","$","R","T","E","?","M","E","M","R","B",null,"M","?","M","$","?","R","E","R","T","M","R","M","M","?","R","B"],"character_chosen":"DEFECT","items_purchased":["Glacier","Lockon","Coolheaded","Skim"],"campfire_rested":1,"item_purchase_floors":[4,4,7,21],"current_hp_per_floor":[63,59,55,55,48,48,48,48,48,33,33,33,5,5,26,5,55,51,51,50,50,50,50,26,26,26,33,33,34,41,41,41,0],"gold":199,"neow_bonus":"BOSS_RELIC","is_prod":false,"is_daily":false,"chose_seed":false,"campfire_upgraded":6,"win_rate":0,"timestamp":1707920197,"path_taken":["M","?","M","$","?","R","?","R","T","E","?","M","E","M","R","BOSS","M","?","M","$","?","R","E","R","T","M","R","?","M","?","R","BOSS"],"build_version":"2022-12-18","purchased_purges":1,"victory":false,"max_hp_per_floor":[71,71,71,71,71,71,71,71,71,71,71,71,71,71,71,71,71,71,71,71,71,71,71,71,71,71,71,71,71,71,71,71,71],"card_choices":[{"not_picked":["Steam","Conserve Battery"],"picked":"Beam Cell","floor":1},{"not_picked":["FTL","Conserve Battery"],"picked":"Undo","floor":2},{"not_picked":["Conserve Battery","Rebound"],"picked":"Tempest","floor":3},{"not_picked":["Amplify","Reprogram"],"picked":"Coolheaded","floor":10},{"not_picked":["Hologram","Redo"],"picked":"Cold Snap","floor":12},{"not_picked":["Coolheaded","Conserve Battery"],"picked":"Buffer","floor":13},{"not_picked":["BootSequence","Rip and Tear"],"picked":"Consume","floor":14},{"not_picked":["Core Surge","Buffer"],"picked":"Biased Cognition","floor":16},{"not_picked":["Chaos","Ball Lightning"],"picked":"Tempest+1","floor":18},{"not_picked":["Hologram","Hello World"],"picked":"Turbo","floor":20},{"not_picked":["Doom and Gloom","FTL"],"picked":"Self Repair","floor":24},{"not_picked":["Barrage","Heatsinks","Beam Cell+1"],"picked":"SKIP","floor":27},{"not_picked":["Ball Lightning","Chaos+1","Auto Shields"],"picked":"SKIP","floor":29},{"not_picked":["Ball Lightning","Chaos+1","Auto Shields"],"picked":"SKIP","floor":29},{"not_picked":["Steam Power","FTL+1","Cold Snap"],"picked":"SKIP","floor":30}],"player_experience":1353186,"relics_obtained":[{"floor":9,"key":"Anchor"},{"floor":10,"key":"Du-Vu Doll"},{"floor":13,"key":"Bag of Marbles"},{"floor":24,"key":"Boot"}],"event_choices":[{"damage_healed":0,"gold_gain":50,"player_choice":"Touch","damage_taken":7,"max_hp_gain":0,"max_hp_loss":0,"event_name":"FaceTrader","floor":5,"gold_loss":0},{"damage_healed":0,"gold_gain":0,"player_choice":"Fled","damage_taken":0,"max_hp_gain":0,"max_hp_loss":0,"event_name":"Scrap Ooze","floor":11,"gold_loss":0},{"damage_healed":0,"gold_gain":0,"player_choice":"Ignored","damage_taken":0,"max_hp_gain":0,"max_hp_loss":0,"event_name":"Beggar","floor":19,"gold_loss":0},{"damage_healed":0,"gold_gain":0,"player_choice":"Ignored","damage_taken":0,"max_hp_gain":0,"max_hp_loss":0,"event_name":"The Mausoleum","floor":22,"gold_loss":0},{"damage_healed":0,"gold_gain":100,"player_choice":"Bet on Murderer","damage_taken":0,"max_hp_gain":0,"max_hp_loss":0,"event_name":"The Joust","floor":31,"gold_loss":50}],"is_beta":false,"boss_relics":[{"not_picked":["SlaversCollar","Astrolabe"],"picked":"Runic Dome"}],"items_purged_floors":[21],"is_endless":false,"potions_floor_spawned":[12,14,16,20,27,29],"killed_by":"Collector","ascension_level":20}