{"gold_per_floor":[55,95,132,171,228,228,348,348,416,416,445,445,509,179,179,257,257,322,367,436,436,471,471],"floor_reached":23,"playtime":1236,"items_purged":["Chaos"],"score":394,"play_id":"3f4dad07-6fab-4252-8afe-b4d728cd4651","local_time":"20240205194909","is_ascension_mode":true,"campfire_choices":[{"data":"HandOfGreed","floor":6.0,"key":"SMITH"},{"data":"Beam Cell","floor":8.0,"key":"SMITH"},{"data":"Zap","floor":15.0,"key":"SMITH"}],"neow_cost":"NO_GOLD","seed_source_timestamp":2286871386906000,"circlet_count":0,"master_deck":["AscendersBane","Strike_B","Strike_B","Defend_B","Defend_B","Defend_B","Defend_B","Zap+1","Dualcast","HandOfGreed+1","Beam Cell+1","Self Repair","FTL","Undo","Skim","Ball Lightning","Coolheaded","Glacier","All For One","Buffer","Coolheaded","White Noise","Force Field","Ball Lightning"],"special_seed":0,"relics":["Cracked Core","The Courier","MealTicket","ClockworkSouvenir","Snecko Eye"],"potions_floor_usage":[23],"damage_taken":[{"damage":5.0,"enemies":"Small Slimes","floor":1.0,"turns":4.0},{"damage":0.0,"enemies":"2 Louse","floor":2.0,"turns":2.0},{"damage":1.0,"enemies":"Cultist","floor":3.0,"turns":3.0},{"damage":5.0,"enemies":"Exordium Wildlife","floor":4.0,"turns":3.0},{"damage":13.0,"enemies":"3 Louse","floor":5.0,"turns":4.0},{"damage":21.0,"enemies":"Gremlin Gang","floor":7.0,"turns":10.0},{"damage":8.0,"enemies":"Gremlin Nob","floor":11.0,"turns":3.0},{"damage":17.0,"enemies":"Exordium Thugs","floor":13.0,"turns":6.0},{"damage":19.0,"enemies":"Hexaghost","floor":16.0,"turns":8.0},{"damage":2.0,"enemies":"3 Byrds","floor":18.0,"turns":7.0},{"damage":0,"enemies":"Chosen","floor":19,"turns":4},{"damage":31,"enemies":"Centurion and Healer","floor":20,"turns":10},{"damage":38,"enemies":"Snake Plant","floor":22,"turns":7},{"damage":22,"enemies":"Gremlin Leader","floor":23,"turns":3}],"seed_played":"8092282386704275381","potions_obtained":[{"floor":2.0,"key":"Swift Potion"},{"floor":4.0,"key":"Ancient Potion"},{"floor":7.0,"key":"Weak Potion"},{"floor":11.0,"key":"DistilledChaos"},{"floor":20,"key":"AttackPotion"}],"is_trial":false,"path_per_floor":["M","M","M","M","M","R","M","R","T","?","E","?","M","$","R","B",null,"M","M","M","?","M","E"],"character_chosen":"DEFECT","items_purchased":["ClockworkSouvenir","Glacier","All For One"],"campfire_rested":0,"item_purchase_floors":[14,14,14],"current_hp_per_floor":[59,59,65,67,61,61,47,47,47,47,46,51,41,56,56,44,68,73,76,52,52,21,0],"gold":471,"neow_bonus":"RANDOM_COLORLESS_2","is_prod":false,"is_daily":false,"chose_seed":false,"campfire_upgraded":3,"win_rate":0,"timestamp":1707191349,"path_taken":["M","M","M","M","M","R","M","R","T","?","E","?","M","$","R","BOSS","M","M","M","?","?","E"],"build_version":"2022-12-18","purchased_purges":1,"victory":false,"max_hp_per_floor":[71,71,71,71,71,71,71,71,71,71,71,76,76,76,76,76,76,76,76,76,76,76,76],"card_choices":[{"not_picked":["Thinking Ahead","Sadistic Nature"],"picked":"HandOfGreed","floor":0.0},{"not_picked":["Leap","Darkness"],"picked":"Beam Cell","floor":1.0},{"not_picked":["Glacier","Hologram"],"picked":"Self Repair","floor":2.0},{"not_picked":["Streamline","Coolheaded"],"picked":"FTL","floor":3.0},{"not_picked":["Self Repair","Steam"],"picked":"Undo","floor":4.0},{"not_picked":["Gash","Ball Lightning"],"picked":"Skim","floor":5.0},{"not_picked":["Beam Cell","Redo"],"picked":"Ball Lightning","floor":7.0},{"not_picked":["Creative AI","Beam Cell","Sweeping Beam"],"picked":"SKIP","floor":11.0},{"not_picked":["Sunder","Hologram"],"picked":"Coolheaded","floor":13.0},{"not_picked":["Thunder Strike","All For One"],"picked":"Buffer","floor":16.0},{"not_picked":["Steam","Reprogram"],"picked":"Coolheaded","floor":18.0},{"not_picked":["Chill","Turbo"],"picked":"White Noise","floor":19},{"not_picked":["Coolheaded","Redo"],"picked":"Force Field","floor":20},{"not_picked":["FTL","Steam+1","Streamline"],"picked":"SKIP","floor":22}],"player_experience":1321475,"relics_obtained":[{"floor":9.0,"key":"The Courier"},{"floor":11.0,"key":"MealTicket"}],"event_choices":[{"damage_healed":0.0,"max_hp_gain":0.0,"max_hp_loss":0.0,"gold_gain":0.0,"cards_transformed":["Strike_B"],"event_name":"Living Wall","player_choice":"Change","floor":10.0,"gold_loss":0.0,"damage_taken":0.0,"cards_obtained":["Chaos"]},{"damage_healed":0.0,"max_hp_gain":5.0,"max_hp_loss":0.0,"gold_gain":0.0,"event_name":"Big Fish","player_choice":"Donut","floor":12.0,"gold_loss":0.0,"damage_taken":0.0},{"damage_healed":0,"gold_gain":0,"cards_transformed":["Strike_B"],"player_choice":"Transformed","damage_taken":0,"max_hp_gain":0,"max_hp_loss":0,"event_name":"Transmorgrifier","floor":21,"gold_loss":0,"cards_obtained":["Ball Lightning"]}],"is_beta":false,"boss_relics":[{"not_picked":["Sozu","Nuclear Battery"],"picked":"Snecko Eye"}],"items_purged_floors":[14],"is_endless":false,"potions_floor_spawned":[2,4,7,11,13,20],"killed_by":"Gremlin Leader","ascension_level":20}