{"gold_per_floor":[118,118,138,148,17,17,42,55,55,89,89,102,127,147,147,219,219,234,284,284,301,170,170,185,219,242,276,166,32,45,78,78,78],"floor_reached":33,"playtime":1171,"items_purged":["Strike_B","Strike_B","Strike_B"],"score":750,"play_id":"2cbce9ab-aadc-40d2-b3c1-1d052215ee55","local_time":"20240207223750","is_ascension_mode":true,"campfire_choices":[{"data":"Apotheosis","floor":6.0,"key":"SMITH"},{"floor":11.0,"key":"REST"},{"data":"Sunder","floor":15.0,"key":"SMITH"},{"floor":23.0,"key":"REST"},{"floor":32,"key":"REST"}],"neow_cost":"PERCENT_DAMAGE","seed_source_timestamp":2469849481362100,"circlet_count":0,"master_deck":["AscendersBane","Defend_B","Defend_B+1","Defend_B+1","Defend_B","Zap+1","Dualcast","Apotheosis+1","Sunder+1","Glacier","Beam Cell+1","Hologram","Aggregate","Ball Lightning+1","Electrodynamics","Necronomicurse","Self Repair+1","Reboot","Sunder","Skim","Aggregate"],"special_seed":0,"relics":["Cracked Core","Smiling Mask","Symbiotic Virus","Pantograph","Ancient Tea Set","Fusion Hammer","Necronomicon","War Paint","Matryoshka","Whetstone"],"potions_floor_usage":[],"damage_taken":[{"damage":12.0,"enemies":"Small Slimes","floor":1.0,"turns":4.0},{"damage":9.0,"enemies":"2 Louse","floor":3.0,"turns":3.0},{"damage":2.0,"enemies":"Jaw Worm","floor":4.0,"turns":5.0},{"damage":22.0,"enemies":"3 Sentries","floor":7.0,"turns":12.0},{"damage":3.0,"enemies":"3 Louse","floor":8.0,"turns":3.0},{"damage":5.0,"enemies":"Gremlin Nob","floor":10.0,"turns":3.0},{"damage":0.0,"enemies":"Red Slaver","floor":12.0,"turns":3.0},{"damage":0.0,"enemies":"Lagavulin","floor":13.0,"turns":5.0},{"damage":0.0,"enemies":"2 Fungi Beasts","floor":14.0,"turns":2.0},{"damage":42.0,"enemies":"Hexaghost","floor":16.0,"turns":7.0},{"damage":6.0,"enemies":"3 Byrds","floor":18.0,"turns":2.0},{"damage":16.0,"enemies":"2 Thieves","floor":21.0,"turns":4.0},{"damage":6.0,"enemies":"Cultist and Chosen","floor":24.0,"turns":4.0},{"damage":0.0,"enemies":"Gremlin Leader","floor":25.0,"turns":4.0},{"damage":10.0,"enemies":"Slavers","floor":27.0,"turns":3.0},{"damage":0.0,"enemies":"Sentry and Sphere","floor":30.0,"turns":2.0},{"damage":13,"enemies":"Book of Stabbing","floor":31,"turns":3},{"damage":71,"enemies":"Collector","floor":33,"turns":7}],"seed_played":"1461103631597579347","potions_obtained":[{"floor":1.0,"key":"FocusPotion"},{"floor":3.0,"key":"Block Potion"},{"floor":8.0,"key":"Strength Potion"},{"floor":13.0,"key":"SpeedPotion"}],"is_trial":false,"path_per_floor":["M","?","M","M","$","R","E","M","T","E","R","M","E","M","R","B",null,"M","?","?","M","$","R","M","E","T","E","?","$","M","E","R","B"],"character_chosen":"DEFECT","items_purchased":["AttackPotion","GamblersBrew","Skim"],"campfire_rested":3,"item_purchase_floors":[5,22,29],"current_hp_per_floor":[34,57,48,46,46,46,24,21,21,16,37,37,37,37,37,20,58,52,52,31,15,15,36,30,40,40,40,40,40,50,47,68,0],"gold":78,"neow_bonus":"RANDOM_COLORLESS_2","is_prod":false,"is_daily":false,"chose_seed":false,"campfire_upgraded":2,"win_rate":0,"timestamp":1707374270,"path_taken":["M","?","M","M","$","R","E","M","T","E","R","M","E","M","R","BOSS","M","?","?","M","$","R","M","E","T","E","?","$","?","E","R","BOSS"],"build_version":"2022-12-18","purchased_purges":3,"victory":false,"max_hp_per_floor":[71,71,71,71,71,71,71,71,71,71,71,71,71,71,71,71,71,71,71,71,71,71,71,71,71,71,71,71,71,71,71,71,71],"card_choices":[{"not_picked":["Mayhem","Metamorphosis"],"picked":"Apotheosis","floor":0.0},{"not_picked":["BootSequence","Storm"],"picked":"Sunder","floor":1.0},{"not_picked":["Coolheaded","Heatsinks"],"picked":"Glacier","floor":3.0},{"not_picked":["Stack","Hologram"],"picked":"Beam Cell","floor":4.0},{"not_picked":["Redo","Conserve Battery"],"picked":"Hologram","floor":7.0},{"not_picked":["Barrage","Hello World"],"picked":"Aggregate","floor":8.0},{"not_picked":["FTL","Loop"],"picked":"Ball Lightning","floor":10.0},{"not_picked":["Storm","Leap","Gash"],"picked":"SKIP","floor":12.0},{"not_picked":["Coolheaded","Steam"],"picked":"Electrodynamics","floor":13.0},{"not_picked":["Streamline","Auto Shields","Ball Lightning"],"picked":"SKIP","floor":14.0},{"not_picked":["Steam","White Noise","Go for the Eyes"],"picked":"SKIP","floor":18.0},{"not_picked":["Streamline","Gash","Conserve Battery"],"picked":"SKIP","floor":21.0},{"not_picked":["Fusion","Rebound"],"picked":"Self Repair+1","floor":24.0},{"not_picked":["Tempest","Self Repair"],"picked":"Reboot","floor":25.0},{"not_picked":["Darkness+1","Gash+1"],"picked":"Sunder","floor":27.0},{"not_picked":["Steam","Heatsinks","Redo"],"picked":"SKIP","floor":30.0},{"not_picked":["Electrodynamics","Turbo"],"picked":"Aggregate","floor":31}],"player_experience":1329496,"relics_obtained":[{"floor":7.0,"key":"Smiling Mask"},{"floor":9.0,"key":"Symbiotic Virus"},{"floor":10.0,"key":"Pantograph"},{"floor":13.0,"key":"Ancient Tea Set"},{"floor":20.0,"key":"Necronomicon"},{"floor":25.0,"key":"War Paint"},{"floor":27.0,"key":"Matryoshka"},{"floor":31,"key":"Whetstone"}],"event_choices":[{"damage_healed":23.0,"max_hp_gain":0.0,"max_hp_loss":0.0,"gold_gain":0.0,"event_name":"Big Fish","player_choice":"Banana","floor":2.0,"gold_loss":0.0,"damage_taken":0.0},{"damage_healed":0.0,"max_hp_gain":0.0,"max_hp_loss":0.0,"gold_gain":50.0,"event_name":"Nest","player_choice":"Stole From Cult","floor":19.0,"gold_loss":0.0,"damage_taken":0.0},{"damage_healed":0.0,"max_hp_gain":0.0,"max_hp_loss":0.0,"gold_gain":0.0,"event_name":"Cursed Tome","player_choice":"Obtained Book","floor":20.0,"gold_loss":0.0,"damage_taken":21.0},{"cards_removed":["Strike_B"],"damage_healed":0.0,"max_hp_gain":0.0,"max_hp_loss":0.0,"gold_gain":0.0,"event_name":"Designer","player_choice":"Upgrade and Remove","floor":28.0,"gold_loss":110.0,"damage_taken":0.0,"cards_upgraded":["Zap"]}],"is_beta":false,"boss_relics":[{"not_picked":["Velvet Choker","Cursed Key"],"picked":"Fusion Hammer"}],"items_purged_floors":[5,22,29],"is_endless":false,"potions_floor_spawned":[1,3,8,13,30,31],"killed_by":"Collector","ascension_level":20}