{"gold_per_floor":[115,115,142,167,167,201,222,11,11,51,72,103,103,178,178,271,271,291,304,4,24,74,114,114,138,138,157,157,170,120,164,164,254,254,269,294,350,350,363,363,407,432,432,467,467,467,483,507,507,507,507,507,507,9,45,45],"floor_reached":56,"playtime":3991,"items_purged":["Strike_B","Strike_B","Strike_B","Strike_B"],"score":2159,"play_id":"74ff56a0-8876-4cf9-85de-9ca899a97a0e","local_time":"20240215013423","is_ascension_mode":true,"campfire_choices":[{"data":"Darkness","floor":13,"key":"SMITH"},{"data":"Hologram","floor":15,"key":"SMITH"},{"floor":24,"key":"REST"},{"floor":32,"key":"REST"},{"floor":40,"key":"REST"},{"floor":49,"key":"RECALL"},{"data":"Coolheaded","floor":53,"key":"SMITH"}],"neow_cost":"NONE","seed_source_timestamp":52683988697800,"circlet_count":0,"master_deck":["AscendersBane","Defend_B","Defend_B","Defend_B","Defend_B","Zap","Dualcast","Darkness+1","Hologram+1","Steam","Compile Driver","Conserve Battery","Biased Cognition","Electrodynamics","Chill","Glacier","Skim","Double Energy","Coolheaded+1","Defragment+1","Echo Form","Go for the Eyes+1","Turbo","Capacitor","Coolheaded","Stack","Barrage+1"],"relics":["Cracked Core","NeowsBlessing","Golden Idol","Smiling Mask","Dead Branch","MealTicket","Frozen Eye","Cables","Akabeko","Pear","Nuclear Battery","Runic Capacitor","Kunai","Question Card","DataDisk","Runic Pyramid","Ice Cream","Molten Egg 2","StrikeDummy","Mercury Hourglass","ClockworkSouvenir","Strawberry","Gremlin Horn"],"potions_floor_usage":[10,16,25,33,36,55,56],"damage_taken":[{"damage":0,"enemies":"Jaw Worm","floor":1,"turns":1},{"damage":0,"enemies":"2 Louse","floor":4,"turns":1},{"damage":0,"enemies":"Lagavulin","floor":6,"turns":1},{"damage":0,"enemies":"Small Slimes","floor":7,"turns":5},{"damage":11,"enemies":"Gremlin Nob","floor":10,"turns":3},{"damage":7,"enemies":"3 Louse","floor":11,"turns":2},{"damage":6,"enemies":"3 Sentries","floor":12,"turns":7},{"damage":3,"enemies":"Hexaghost","floor":16,"turns":4},{"damage":12,"enemies":"Shell Parasite","floor":18,"turns":4},{"damage":25,"enemies":"2 Thieves","floor":19,"turns":3},{"damage":13,"enemies":"Centurion and Healer","floor":21,"turns":4},{"damage":28,"enemies":"Book of Stabbing","floor":23,"turns":5},{"damage":6,"enemies":"3 Cultists","floor":25,"turns":3},{"damage":0,"enemies":"Cultist and Chosen","floor":27,"turns":4},{"damage":8,"enemies":"Chosen and Byrds","floor":29,"turns":4},{"damage":9,"enemies":"Slavers","floor":31,"turns":3},{"damage":0,"enemies":"Collector","floor":33,"turns":7},{"damage":0,"enemies":"Orb Walker","floor":35,"turns":4},{"damage":4,"enemies":"3 Darklings","floor":36,"turns":3},{"damage":22,"enemies":"2 Orb Walkers","floor":37,"turns":4},{"damage":0,"enemies":"4 Shapes","floor":39,"turns":2},{"damage":0,"enemies":"Reptomancer","floor":41,"turns":5},{"damage":0,"enemies":"Sphere and 2 Shapes","floor":42,"turns":4},{"damage":5,"enemies":"Giant Head","floor":44,"turns":14},{"damage":0,"enemies":"Maw","floor":47,"turns":4},{"damage":0,"enemies":"Jaw Worm Horde","floor":48,"turns":5},{"damage":9,"enemies":"Time Eater","floor":50,"turns":40},{"damage":7,"enemies":"Awakened One","floor":51,"turns":16},{"damage":19,"enemies":"Shield and Spear","floor":55,"turns":8},{"damage":58,"enemies":"The Heart","floor":56,"turns":10}],"seed_played":"-4104095238486128455","potions_obtained":[{"floor":1,"key":"Energy Potion"},{"floor":6,"key":"SneckoOil"},{"floor":10,"key":"DistilledChaos"},{"floor":23,"key":"EssenceOfDarkness"},{"floor":25,"key":"ColorlessPotion"},{"floor":28,"key":"FocusPotion"},{"floor":31,"key":"Ancient Potion"},{"floor":33,"key":"AttackPotion"},{"floor":37,"key":"PowerPotion"},{"floor":39,"key":"Ancient Potion"}],"is_trial":false,"path_per_floor":["M","?","T","M","?","E","M","$","T","E","M","E","R","?","R","B",null,"M","M","$","M","?","E","R","M","T","M","?","M","$","E","R","B",null,"M","M","?","?","M","R","E","M","T","E","?","T","M","M","R","B","B",null,"R","$","E","B"],"character_chosen":"DEFECT","items_purchased":["Frozen Eye","Chill","Runic Capacitor","ClockworkSouvenir","BlessingOfTheForge","Strawberry","Barrage+1"],"campfire_rested":3,"item_purchase_floors":[8,20,20,54,54,54,54],"current_hp_per_floor":[64,64,64,64,53,53,53,64,64,53,46,50,50,39,39,36,65,53,28,43,30,30,2,24,18,18,18,18,10,25,16,38,38,65,65,61,39,39,39,60,60,60,60,55,55,55,55,55,55,46,39,62,62,77,58,0],"gold":45,"neow_bonus":"THREE_ENEMY_KILL","is_prod":false,"is_daily":false,"chose_seed":false,"campfire_upgraded":3,"win_rate":0,"timestamp":1707989663,"path_taken":["M","?","?","M","?","E","M","$","T","E","M","E","R","?","R","BOSS","M","M","$","M","?","E","R","M","T","M","?","?","$","E","R","BOSS","M","M","?","?","M","R","E","M","T","E","?","?","M","M","R","BOSS","BOSS","R","$","E","BOSS"],"build_version":"2022-12-18","purchased_purges":4,"victory":false,"max_hp_per_floor":[71,64,64,64,64,64,64,64,64,64,64,74,74,74,74,74,74,74,74,74,74,74,74,74,74,74,74,74,74,74,74,74,74,74,74,74,74,70,70,70,70,70,70,70,70,70,70,70,70,70,70,70,70,77,77,77],"card_choices":[{"not_picked":["Steam Power","Rip and Tear"],"picked":"Darkness","floor":1},{"not_picked":["Barrage","Gash"],"picked":"Hologram","floor":4},{"not_picked":["Stack","Reprogram"],"picked":"Steam","floor":6},{"not_picked":["Fusion","Streamline"],"picked":"Compile Driver","floor":7},{"not_picked":["Barrage","Capacitor"],"picked":"Conserve Battery","floor":10},{"not_picked":["Conserve Battery","Turbo","Go for the Eyes"],"picked":"SKIP","floor":11},{"not_picked":["Conserve Battery","Genetic Algorithm"],"picked":"Biased Cognition","floor":12},{"not_picked":["Echo Form","Machine Learning"],"picked":"Electrodynamics","floor":16},{"not_picked":["Reprogram","Steam","Go for the Eyes"],"picked":"SKIP","floor":18},{"not_picked":["Beam Cell","White Noise","Stack+1"],"picked":"SKIP","floor":19},{"not_picked":["Rip and Tear+1","Doom and Gloom","Gash"],"picked":"SKIP","floor":21},{"not_picked":["Fission","Tempest"],"picked":"Glacier","floor":23},{"not_picked":["Gash","Compile Driver+1"],"picked":"Skim","floor":25},{"not_picked":["Stack+1","Streamline+1","Compile Driver"],"picked":"Double Energy","floor":27},{"not_picked":["Darkness","Redo+1","Ball Lightning+1"],"picked":"Coolheaded","floor":29},{"not_picked":["Turbo","Redo","Compile Driver+1"],"picked":"Defragment+1","floor":31},{"not_picked":["Reboot","Thunder Strike","Biased Cognition"],"picked":"Echo Form","floor":33},{"not_picked":["Recycle","Stack+1","Hello World"],"picked":"Go for the Eyes+1","floor":35},{"not_picked":["Steam","Conserve Battery","Darkness+1","Go for the Eyes+1"],"picked":"SKIP","floor":36},{"not_picked":["Barrage","FTL+1","Ball Lightning+1"],"picked":"Turbo","floor":37},{"not_picked":["Rebound","Stack","Sweeping Beam","Auto Shields"],"picked":"SKIP","floor":39},{"not_picked":["Beam Cell+1","Doom and Gloom+1","Leap","Blizzard+1"],"picked":"SKIP","floor":41},{"not_picked":["Blizzard+1","Steam","Darkness"],"picked":"Capacitor","floor":42},{"not_picked":["Hologram","Ball Lightning+1","Buffer"],"picked":"Coolheaded","floor":44},{"not_picked":["Consume","Reprogram+1","Sweeping Beam+1","Scrape+1"],"picked":"SKIP","floor":47},{"not_picked":["Reinforced Body","Hologram","Skim"],"picked":"Stack","floor":48},{"not_picked":["Cold Snap+1","Genetic Algorithm","Go for the Eyes+1","Darkness"],"picked":"SKIP","floor":55}],"player_experience":1354760,"relics_obtained":[{"floor":3,"key":"Smiling Mask"},{"floor":6,"key":"MealTicket"},{"floor":9,"key":"Cables"},{"floor":10,"key":"Akabeko"},{"floor":12,"key":"Pear"},{"floor":23,"key":"Kunai"},{"floor":26,"key":"Question Card"},{"floor":31,"key":"DataDisk"},{"floor":37,"key":"Ice Cream"},{"floor":41,"key":"Molten Egg 2"},{"floor":44,"key":"StrikeDummy"},{"floor":46,"key":"Mercury Hourglass"},{"floor":55,"key":"Gremlin Horn"}],"event_choices":[{"damage_healed":0,"gold_gain":0,"player_choice":"Lose Max HP","damage_taken":0,"relics_obtained":["Golden Idol"],"max_hp_gain":0,"max_hp_loss":7,"event_name":"Golden Idol","floor":2,"gold_loss":0},{"damage_healed":0,"gold_gain":0,"player_choice":"Success","damage_taken":11,"relics_obtained":["Dead Branch"],"max_hp_gain":0,"max_hp_loss":0,"event_name":"Scrap Ooze","floor":5,"gold_loss":0},{"damage_healed":0,"gold_gain":75,"player_choice":"Gather Gold","damage_taken":11,"max_hp_gain":0,"max_hp_loss":0,"event_name":"World of Goop","floor":14,"gold_loss":0},{"damage_healed":0,"gold_gain":50,"player_choice":"Stole From Cult","damage_taken":0,"max_hp_gain":0,"max_hp_loss":0,"event_name":"Nest","floor":22,"gold_loss":0},{"damage_healed":0,"gold_gain":0,"player_choice":"Got Potions","damage_taken":0,"max_hp_gain":0,"max_hp_loss":0,"event_name":"Lab","floor":28,"gold_loss":0},{"damage_healed":0,"gold_gain":0,"player_choice":"Fight","damage_taken":0,"max_hp_gain":0,"max_hp_loss":0,"event_name":"Mysterious Sphere","floor":37,"gold_loss":0},{"damage_healed":0,"gold_gain":0,"player_choice":"Max HP","damage_taken":0,"max_hp_gain":0,"max_hp_loss":4,"event_name":"Winding Halls","floor":38,"gold_loss":0},{"damage_healed":0,"gold_gain":0,"player_choice":"Ignored","damage_taken":0,"max_hp_gain":0,"max_hp_loss":0,"event_name":"Tomb of Lord Red Mask","floor":45,"gold_loss":0}],"is_beta":false,"boss_relics":[{"not_picked":["SacredBark","Velvet Choker"],"picked":"Nuclear Battery"},{"not_picked":["Philosopher\u0027s Stone","Tiny House"],"picked":"Runic Pyramid"}],"items_purged_floors":[8,20,30,54],"is_endless":false,"potions_floor_spawned":[1,6,10,23,25,31,33,37,39,41,48],"killed_by":"The Heart","ascension_level":20}