{"gold_per_floor":[113,113,38,54,66,66,80,113,192,212,238,238,249,249,249,326,326,338,338,356,372,372,372,406,406,466,198,217,217,217,254,254,337,337,361,361,361,382,405,447,447,95,95,113,144,144,155,170,170,170,170,170,170,9,50,50],"floor_reached":57,"playtime":3310,"items_purged":["Doubt","Parasite","Strike_B"],"score":2995,"play_id":"3070a61c-9eaa-4ea6-ba72-9352235ece24","local_time":"20240207234511","is_ascension_mode":true,"campfire_choices":[{"data":"Doom and Gloom","floor":6.0,"key":"SMITH"},{"floor":12.0,"key":"REST"},{"data":"Defragment","floor":15.0,"key":"SMITH"},{"data":"RitualDagger","floor":23.0,"key":"SMITH"},{"data":"Defragment","floor":25.0,"key":"SMITH"},{"data":"Fission","floor":29.0,"key":"SMITH"},{"floor":32.0,"key":"REST"},{"data":"Seek","floor":41.0,"key":"SMITH"},{"data":"Apotheosis","floor":46.0,"key":"SMITH"},{"floor":49.0,"key":"RECALL"},{"floor":53.0,"key":"REST"}],"neow_cost":"CURSE","seed_source_timestamp":2471614295294800,"circlet_count":0,"master_deck":["AscendersBane","Strike_B","Defend_B","Defend_B+1","Defend_B","Defend_B+1","Zap","Dualcast","Genetic Algorithm","Doom and Gloom+1","Beam Cell","Defragment+1","Cold Snap","Defragment+1","Biased Cognition","Coolheaded+1","Electrodynamics","Coolheaded","Biased Cognition","Undo","RitualDagger+1","Fission+1","Redo","Core Surge","Reinforced Body","Steam Power","Compile Driver","Seek+1","Seek+1","Aggregate","Apotheosis+1","Thinking Ahead","Hologram"],"special_seed":0,"relics":["Cracked Core","Incense Burner","Ornamental Fan","Blood Vial","Cursed Key","CeramicFish","Runic Capacitor","Juzu Bracelet","Nuclear Battery","Blue Candle","DollysMirror","Bag of Marbles","Frozen Eye","Bronze Scales"],"potions_floor_usage":[56,56,56],"damage_taken":[{"damage":3.0,"enemies":"2 Louse","floor":1.0,"turns":2.0},{"damage":7.0,"enemies":"Small Slimes","floor":4.0,"turns":4.0},{"damage":0.0,"enemies":"Cultist","floor":5.0,"turns":3.0},{"damage":0.0,"enemies":"Looter","floor":7.0,"turns":3.0},{"damage":10.0,"enemies":"3 Sentries","floor":8.0,"turns":5.0},{"damage":7.0,"enemies":"Exordium Wildlife","floor":10.0,"turns":4.0},{"damage":0.0,"enemies":"Gremlin Nob","floor":11.0,"turns":3.0},{"damage":2.0,"enemies":"Blue Slaver","floor":13.0,"turns":3.0},{"damage":7.0,"enemies":"The Guardian","floor":16.0,"turns":11.0},{"damage":0.0,"enemies":"Spheric Guardian","floor":18.0,"turns":3.0},{"damage":17.0,"enemies":"2 Thieves","floor":20.0,"turns":2.0},{"damage":2.0,"enemies":"Snake Plant","floor":21.0,"turns":4.0},{"damage":11.0,"enemies":"Book of Stabbing","floor":24.0,"turns":5.0},{"damage":10.0,"enemies":"Shelled Parasite and Fungi","floor":28.0,"turns":10.0},{"damage":21.0,"enemies":"Gremlin Leader","floor":31.0,"turns":6.0},{"damage":19.0,"enemies":"Automaton","floor":33.0,"turns":7.0},{"damage":0.0,"enemies":"3 Darklings","floor":35.0,"turns":5.0},{"damage":0.0,"enemies":"Orb Walker","floor":38.0,"turns":4.0},{"damage":4.0,"enemies":"3 Darklings","floor":39.0,"turns":4.0},{"damage":0.0,"enemies":"Reptomancer","floor":40.0,"turns":3.0},{"damage":0.0,"enemies":"Nemesis","floor":45.0,"turns":21.0},{"damage":20.0,"enemies":"Writhing Mass","floor":47.0,"turns":5.0},{"damage":0.0,"enemies":"Transient","floor":48.0,"turns":6.0},{"damage":16.0,"enemies":"Donu and Deca","floor":50.0,"turns":13.0},{"damage":0.0,"enemies":"Time Eater","floor":51.0,"turns":47.0},{"damage":0.0,"enemies":"Shield and Spear","floor":55.0,"turns":6.0},{"damage":24,"enemies":"The Heart","floor":56,"turns":11}],"seed_played":"2257079664821753040","potions_obtained":[{"floor":4.0,"key":"EssenceOfSteel"},{"floor":7.0,"key":"PowerPotion"},{"floor":8.0,"key":"EssenceOfDarkness"},{"floor":11.0,"key":"Explosive Potion"},{"floor":18.0,"key":"PotionOfCapacity"},{"floor":21.0,"key":"DistilledChaos"},{"floor":24.0,"key":"FocusPotion"},{"floor":35.0,"key":"Block Potion"},{"floor":38.0,"key":"ColorlessPotion"},{"floor":45.0,"key":"EntropicBrew"},{"floor":55.0,"key":"FocusPotion"}],"is_trial":false,"path_per_floor":["M","?","$","M","M","R","M","E","T","M","E","R","M","?","R","B",null,"M","?","M","M","?","R","E","R","T","$","M","R","T","E","R","B",null,"M","?","?","M","M","E","R","$","T","?","E","R","M","M","R","B","B",null,"R","$","E","B",null],"character_chosen":"DEFECT","items_purchased":["Runic Capacitor","DollysMirror","Aggregate","Frozen Eye"],"campfire_rested":3,"item_purchase_floors":[27,42,42,54],"current_hp_per_floor":[61,40,40,33,33,33,33,23,23,16,16,37,37,37,37,32,61,63,63,48,48,42,42,33,33,33,33,25,25,25,6,26,9,53,55,55,55,57,55,57,57,57,57,47,49,49,31,33,33,19,21,56,68,68,68,44],"gold":50,"neow_bonus":"TRANSFORM_TWO_CARDS","is_prod":false,"is_daily":false,"chose_seed":false,"campfire_upgraded":7,"win_rate":0,"timestamp":1707378311,"path_taken":["M","?","$","M","M","R","M","E","T","M","E","R","M","?","R","BOSS","M","?","M","?","?","R","E","R","T","$","M","R","?","E","R","BOSS","M","?","?","M","M","E","R","$","T","?","E","R","M","M","R","BOSS","BOSS","R","$","E","BOSS"],"build_version":"2022-12-18","purchased_purges":3,"victory":true,"max_hp_per_floor":[71,71,71,71,71,71,71,71,71,71,71,71,71,71,71,71,71,71,71,71,71,71,71,71,71,71,68,68,68,68,68,68,68,68,68,68,68,68,68,68,68,68,68,68,68,68,68,68,68,68,68,68,68,68,68,68],"card_choices":[{"not_picked":["Auto Shields","Sweeping Beam"],"picked":"Beam Cell","floor":1.0},{"not_picked":["Gash","Stack"],"picked":"Rebound","floor":4.0},{"not_picked":["Streamline","Glacier"],"picked":"Defragment","floor":5.0},{"not_picked":["Go for the Eyes","Redo","Reprogram"],"picked":"SKIP","floor":7.0},{"not_picked":["Storm","Tempest"],"picked":"Cold Snap","floor":8.0},{"not_picked":["Streamline","Go for the Eyes"],"picked":"Defragment","floor":10.0},{"not_picked":["Static Discharge","Turbo"],"picked":"Biased Cognition","floor":11.0},{"not_picked":["Ball Lightning","Hologram"],"picked":"Coolheaded","floor":13.0},{"not_picked":["Machine Learning","Hyperbeam"],"picked":"Electrodynamics","floor":16.0},{"not_picked":["Leap","Barrage"],"picked":"Coolheaded","floor":18.0},{"not_picked":["Beam Cell","Go for the Eyes","Scrape"],"picked":"SKIP","floor":20.0},{"not_picked":["Go for the Eyes","Beam Cell"],"picked":"Undo","floor":21.0},{"not_picked":["Barrage","Compile Driver","Defragment"],"picked":"SKIP","floor":24.0},{"not_picked":["Steam+1","Chaos"],"picked":"Fission","floor":28.0},{"not_picked":["Barrage","Loop"],"picked":"Redo","floor":31.0},{"not_picked":["Echo Form","Buffer"],"picked":"Core Surge","floor":33.0},{"not_picked":["Static Discharge+1","Rebound+1"],"picked":"Reinforced Body","floor":35.0},{"not_picked":["Go for the Eyes","Conserve Battery+1"],"picked":"Steam Power","floor":38.0},{"not_picked":["Force Field","Melter"],"picked":"Compile Driver","floor":39.0},{"not_picked":["Compile Driver","Barrage"],"picked":"Seek","floor":40.0},{"not_picked":["Mayhem","Good Instincts"],"picked":"Apotheosis","floor":44.0},{"not_picked":["Mind Blast","Panache"],"picked":"Thinking Ahead","floor":44.0},{"not_picked":["Recycle","Sunder+1","Turbo"],"picked":"SKIP","floor":45.0},{"not_picked":["Sweeping Beam+1","Doom and Gloom+1","Melter+1"],"picked":"SKIP","floor":47.0},{"not_picked":["Streamline","Cold Snap","Defragment"],"picked":"SKIP","floor":48.0},{"not_picked":["White Noise","Multi-Cast"],"picked":"Hologram","floor":55.0}],"player_experience":1330667,"relics_obtained":[{"floor":8.0,"key":"Incense Burner"},{"floor":9.0,"key":"Ornamental Fan"},{"floor":11.0,"key":"Blood Vial"},{"floor":24.0,"key":"CeramicFish"},{"floor":31.0,"key":"Juzu Bracelet"},{"floor":40.0,"key":"Blue Candle"},{"floor":45.0,"key":"Bag of Marbles"},{"floor":55.0,"key":"Bronze Scales"}],"event_choices":[{"damage_healed":0.0,"max_hp_gain":0.0,"max_hp_loss":0.0,"gold_gain":0.0,"event_name":"Shining Light","player_choice":"Entered Light","floor":2.0,"gold_loss":0.0,"damage_taken":21.0,"cards_upgraded":["Defend_B","Defend_B"]},{"damage_healed":0.0,"max_hp_gain":0.0,"max_hp_loss":0.0,"gold_gain":0.0,"event_name":"Liars Game","player_choice":"Ignored","floor":14.0,"gold_loss":0.0,"damage_taken":0.0},{"damage_healed":0.0,"max_hp_gain":0.0,"max_hp_loss":0.0,"gold_gain":0.0,"event_name":"Duplicator","player_choice":"Copied","floor":19.0,"gold_loss":0.0,"damage_taken":0.0,"cards_obtained":["Biased Cognition"]},{"damage_healed":0.0,"max_hp_gain":0.0,"max_hp_loss":0.0,"gold_gain":0.0,"event_name":"Nest","player_choice":"Joined the Cult","floor":22.0,"gold_loss":0.0,"damage_taken":6.0,"cards_obtained":["RitualDagger"]},{"cards_removed":["Rebound"],"damage_healed":0.0,"max_hp_gain":0.0,"max_hp_loss":0.0,"gold_gain":0.0,"event_name":"Falling","player_choice":"Removed Attack","floor":36.0,"gold_loss":0.0,"damage_taken":0.0},{"damage_healed":0.0,"max_hp_gain":0.0,"max_hp_loss":0.0,"gold_gain":0.0,"event_name":"Accursed Blacksmith","player_choice":"Forge","floor":37.0,"gold_loss":0.0,"damage_taken":0.0,"cards_upgraded":["Coolheaded"]},{"damage_healed":0.0,"max_hp_gain":0.0,"max_hp_loss":0.0,"gold_gain":0.0,"event_name":"SensoryStone","player_choice":"Memory 3","floor":44.0,"gold_loss":0.0,"damage_taken":10.0}],"is_beta":false,"boss_relics":[{"not_picked":["Ectoplasm","Tiny House"],"picked":"Cursed Key"},{"not_picked":["Velvet Choker","Busted Crown"],"picked":"Nuclear Battery"}],"items_purged_floors":[3,27,42],"is_endless":false,"potions_floor_spawned":[4,7,8,11,13,18,21,24,31,35,38,45,55],"ascension_level":20}