{"gold_per_floor":[115,95,107,117,130,162,162,195,243,243,243,272,272,322,322,397,397,413,413,413,429,72,105,105,122,122,122,44,75,91,135,135,219,219,243,303,303,149,177,212,12,56,56,74,110,110,110,123,123,123,123],"floor_reached":51,"playtime":3384,"items_purged":["Strike_B","Strike_B"],"score":1472,"play_id":"16a5ce64-2edf-48d3-8f8e-fa519f41f72a","local_time":"20240204152925","is_ascension_mode":true,"campfire_choices":[{"data":"Self Repair","floor":7.0,"key":"SMITH"},{"data":"Dualcast","floor":10.0,"key":"SMITH"},{"data":"Hologram","floor":13.0,"key":"SMITH"},{"data":"Ball Lightning","floor":15.0,"key":"SMITH"},{"data":"Sunder","floor":24.0,"key":"SMITH"},{"floor":27.0,"key":"REST"},{"floor":32.0,"key":"REST"},{"floor":46,"key":"RECALL"},{"floor":49,"key":"REST"}],"neow_cost":"NONE","seed_source_timestamp":2182779186066500,"circlet_count":0,"master_deck":["AscendersBane","Defend_B","Defend_B","Defend_B","Defend_B","Zap","Dualcast+1","Self Repair+1","FTL","Ball Lightning+1","Rebound","Glacier","Hologram+1","Stack","Echo Form","Go for the Eyes+1","Leap+1","Sunder+1","PanicButton","Steam Power+1","Cold Snap","White Noise","Echo Form","Capacitor","Defragment","Defragment","Hologram+1","Undo","Turbo+1","Streamline+1","Cold Snap+1"],"special_seed":0,"relics":["Cracked Core","NeowsBlessing","Mercury Hourglass","Orichalcum","Potion Belt","Cursed Key","Enchiridion","Prayer Wheel","Red Mask","CeramicFish","Fusion Hammer","Ginger","Thread and Needle","Omamori","Meat on the Bone"],"potions_floor_usage":[36,40,40,50,50,51],"damage_taken":[{"damage":0.0,"enemies":"Small Slimes","floor":1.0,"turns":1.0},{"damage":0.0,"enemies":"Cultist","floor":3.0,"turns":1.0},{"damage":0.0,"enemies":"Jaw Worm","floor":4.0,"turns":1.0},{"damage":4.0,"enemies":"Blue Slaver","floor":5.0,"turns":4.0},{"damage":8.0,"enemies":"Gremlin Nob","floor":6.0,"turns":3.0},{"damage":11.0,"enemies":"3 Sentries","floor":8.0,"turns":5.0},{"damage":3.0,"enemies":"Lagavulin","floor":12.0,"turns":6.0},{"damage":41.0,"enemies":"Hexaghost","floor":16.0,"turns":9.0},{"damage":25.0,"enemies":"Spheric Guardian","floor":18.0,"turns":8.0},{"damage":15.0,"enemies":"2 Thieves","floor":21.0,"turns":4.0},{"damage":10.0,"enemies":"Slavers","floor":23.0,"turns":4.0},{"damage":9.0,"enemies":"Chosen and Byrds","floor":25.0,"turns":8.0},{"damage":39.0,"enemies":"Masked Bandits","floor":29.0,"turns":5.0},{"damage":13.0,"enemies":"3 Cultists","floor":30.0,"turns":5.0},{"damage":19.0,"enemies":"Book of Stabbing","floor":31.0,"turns":5.0},{"damage":9.0,"enemies":"Champ","floor":33.0,"turns":20.0},{"damage":4.0,"enemies":"Orb Walker","floor":35.0,"turns":3.0},{"damage":67,"enemies":"2 Orb Walkers","floor":36,"turns":6},{"damage":10,"enemies":"3 Darklings","floor":39,"turns":2},{"damage":0,"enemies":"Reptomancer","floor":40,"turns":8},{"damage":28,"enemies":"Giant Head","floor":42,"turns":13},{"damage":5,"enemies":"Maw","floor":44,"turns":8},{"damage":0,"enemies":"Sphere and 2 Shapes","floor":45,"turns":8},{"damage":0,"enemies":"4 Shapes","floor":48,"turns":5},{"damage":48,"enemies":"Donu and Deca","floor":50,"turns":16},{"damage":56,"enemies":"Awakened One","floor":51,"turns":5}],"seed_played":"2430460209201271149","potions_obtained":[{"floor":1.0,"key":"FearPotion"},{"floor":2.0,"key":"Block Potion"},{"floor":6.0,"key":"SneckoOil"},{"floor":12.0,"key":"Ancient Potion"},{"floor":18.0,"key":"FairyPotion"},{"floor":21.0,"key":"Strength Potion"},{"floor":35,"key":"EssenceOfSteel"},{"floor":44,"key":"Dexterity Potion"},{"floor":48,"key":"AttackPotion"}],"is_trial":false,"path_per_floor":["M","?","M","M","M","E","R","E","T","R","?","E","R","?","R","B",null,"M","?","?","M","$","E","R","M","T","R","$","?","M","E","R","B",null,"M","?","?","$","M","E","$","E","T","M","M","R","?","M","R","B","B"],"character_chosen":"DEFECT","items_purchased":["Sunder","DistilledChaos","FocusPotion","PanicButton","PotionOfCapacity","AttackPotion","Omamori","Undo"],"campfire_rested":3,"item_purchase_floors":[22,22,22,22,28,38,41,41],"current_hp_per_floor":[64,64,64,64,67,66,66,65,65,65,65,71,71,64,64,33,62,57,36,36,31,31,21,21,22,22,43,43,24,21,22,43,54,67,71,4,4,4,30,50,50,42,42,37,57,57,57,67,67,51,0],"gold":123,"neow_bonus":"THREE_ENEMY_KILL","is_prod":false,"is_daily":false,"chose_seed":false,"campfire_upgraded":5,"win_rate":0,"timestamp":1707089365,"path_taken":["M","?","?","M","M","E","R","E","T","R","?","E","R","?","R","BOSS","M","?","?","?","$","E","R","M","T","R","?","?","M","E","R","BOSS","M","?","?","?","M","E","$","E","T","M","M","R","?","M","R","BOSS","BOSS"],"build_version":"2022-12-18","purchased_purges":2,"victory":false,"max_hp_per_floor":[71,71,71,71,71,71,71,71,71,71,71,71,71,71,71,71,71,71,71,71,71,71,71,71,71,71,71,71,71,71,71,71,71,71,71,71,67,67,67,67,67,67,67,67,67,67,67,67,67,67,67],"card_choices":[{"not_picked":["Beam Cell","Gash"],"picked":"Self Repair","floor":1.0},{"not_picked":["Steam","Stack"],"picked":"FTL","floor":3.0},{"not_picked":["Aggregate","Barrage"],"picked":"Ball Lightning","floor":4.0},{"not_picked":["Heatsinks","Capacitor"],"picked":"Rebound","floor":5.0},{"not_picked":["Thunder Strike","Sweeping Beam"],"picked":"Glacier","floor":6.0},{"not_picked":["Rip and Tear","Steam"],"picked":"Hologram","floor":8.0},{"not_picked":["Scrape","Steam Power","Static Discharge"],"picked":"SKIP","floor":12.0},{"not_picked":["Reboot","Machine Learning"],"picked":"Echo Form","floor":16.0},{"not_picked":["Turbo","Scrape"],"picked":"Go for the Eyes","floor":18.0},{"not_picked":["Consume","Force Field"],"picked":"Leap+1","floor":21.0},{"not_picked":["Reinforced Body","Leap","Rebound+1"],"picked":"SKIP","floor":23.0},{"not_picked":["Cold Snap","Turbo"],"picked":"Steam Power+1","floor":25.0},{"not_picked":["Streamline","Compile Driver","Gash"],"picked":"SKIP","floor":25.0},{"not_picked":["Ball Lightning","Conserve Battery"],"picked":"Cold Snap","floor":30.0},{"not_picked":["Ball Lightning+1","Amplify","Compile Driver"],"picked":"SKIP","floor":30.0},{"not_picked":["Turbo","Streamline"],"picked":"White Noise","floor":31.0},{"not_picked":["Machine Learning","Electrodynamics"],"picked":"Echo Form","floor":33.0},{"not_picked":["Barrage","FTL+1"],"picked":"Capacitor","floor":35},{"not_picked":["Storm+1","Compile Driver","Double Energy"],"picked":"SKIP","floor":35},{"not_picked":["Compile Driver","Go for the Eyes"],"picked":"Defragment","floor":36},{"not_picked":["Undo","Rebound"],"picked":"Defragment","floor":39},{"not_picked":["Conserve Battery","BootSequence","Creative AI"],"picked":"SKIP","floor":39},{"not_picked":["Gash+1","Hyperbeam"],"picked":"Hologram+1","floor":40},{"not_picked":["Streamline+1","Conserve Battery"],"picked":"Turbo+1","floor":42},{"not_picked":["Cold Snap","Ball Lightning","Melter+1"],"picked":"SKIP","floor":44},{"not_picked":["Reinforced Body","Hologram+1","Force Field+1"],"picked":"SKIP","floor":44},{"not_picked":["Compile Driver","Conserve Battery"],"picked":"Streamline+1","floor":45},{"not_picked":["Hologram","Heatsinks"],"picked":"Cold Snap+1","floor":45},{"not_picked":["Barrage","Tempest","Auto Shields"],"picked":"SKIP","floor":48},{"not_picked":["Tempest+1","Sweeping Beam","Auto Shields+1"],"picked":"SKIP","floor":48}],"player_experience":1313129,"relics_obtained":[{"floor":6.0,"key":"Mercury Hourglass"},{"floor":9.0,"key":"Orichalcum"},{"floor":12.0,"key":"Potion Belt"},{"floor":19.0,"key":"Enchiridion"},{"floor":23.0,"key":"Prayer Wheel"},{"floor":29.0,"key":"Red Mask"},{"floor":31.0,"key":"CeramicFish"},{"floor":36,"key":"Ginger"},{"floor":40,"key":"Thread and Needle"},{"floor":42,"key":"Meat on the Bone"}],"event_choices":[{"damage_healed":0.0,"max_hp_gain":0.0,"max_hp_loss":0.0,"gold_gain":0.0,"event_name":"The Woman in Blue","player_choice":"Bought 1 Potion","floor":2.0,"gold_loss":0.0,"damage_taken":0.0},{"damage_healed":0.0,"max_hp_gain":0.0,"max_hp_loss":0.0,"gold_gain":0.0,"cards_transformed":["Strike_B"],"event_name":"Living Wall","player_choice":"Change","floor":11.0,"gold_loss":0.0,"damage_taken":0.0,"cards_obtained":["Stack"]},{"damage_healed":0.0,"max_hp_gain":0.0,"max_hp_loss":0.0,"gold_gain":50.0,"event_name":"FaceTrader","player_choice":"Touch","floor":14.0,"gold_loss":0.0,"damage_taken":7.0},{"damage_healed":0.0,"max_hp_gain":0.0,"max_hp_loss":0.0,"gold_gain":0.0,"event_name":"Cursed Tome","player_choice":"Obtained Book","floor":19.0,"gold_loss":0.0,"damage_taken":21.0},{"damage_healed":0.0,"max_hp_gain":0.0,"max_hp_loss":0.0,"gold_gain":0.0,"event_name":"Accursed Blacksmith","player_choice":"Forge","floor":20.0,"gold_loss":0.0,"damage_taken":0.0,"cards_upgraded":["Go for the Eyes"]},{"damage_healed":0.0,"max_hp_gain":0.0,"max_hp_loss":0.0,"gold_gain":0.0,"event_name":"Masked Bandits","player_choice":"Fought Bandits","floor":29.0,"gold_loss":0.0,"damage_taken":0.0},{"damage_healed":0,"gold_gain":0,"player_choice":"Fight","damage_taken":0,"max_hp_gain":0,"max_hp_loss":0,"event_name":"Mysterious Sphere","floor":36,"gold_loss":0},{"damage_healed":0,"gold_gain":0,"player_choice":"Max HP","damage_taken":0,"max_hp_gain":0,"max_hp_loss":4,"event_name":"Winding Halls","floor":37,"gold_loss":0},{"cards_removed":["Strike_B"],"damage_healed":0,"gold_gain":0,"player_choice":"Removed Attack","damage_taken":0,"max_hp_gain":0,"max_hp_loss":0,"event_name":"Falling","floor":47,"gold_loss":0}],"is_beta":false,"boss_relics":[{"not_picked":["Tiny House","Runic Dome"],"picked":"Cursed Key"},{"not_picked":["Philosopher\u0027s Stone","Busted Crown"],"picked":"Fusion Hammer"}],"items_purged_floors":[22,38],"is_endless":false,"potions_floor_spawned":[1,6,12,18,21,23,31,35,44,48],"killed_by":"Awakened One","ascension_level":20}