{"gold_per_floor":[364,199,218,218,234,234,79,412,412,441,441,457,472,507,507,580,580,600,650,663,485,143,143,161,188,188,188,207,207,41,55,55,127,127,147,197,212,212],"floor_reached":38,"playtime":2174,"items_purged":["Decay","Strike_B","Strike_B"],"score":903,"play_id":"40b61ef3-a8af-4b5c-b1ea-ee4323da47d2","local_time":"20240205202721","is_ascension_mode":true,"campfire_choices":[{"data":"Beam Cell","floor":6.0,"key":"SMITH"},{"floor":11.0,"key":"REST"},{"data":"Beam Cell","floor":15.0,"key":"SMITH"},{"data":"Defragment","floor":23.0,"key":"SMITH"},{"data":"Defragment","floor":29.0,"key":"SMITH"},{"data":"Hologram","floor":32.0,"key":"SMITH"}],"neow_cost":"CURSE","seed_source_timestamp":2288190194471600,"circlet_count":0,"master_deck":["AscendersBane","Strike_B","Strike_B","Defend_B","Defend_B","Defend_B","Defend_B","Zap","Dualcast","Auto Shields","Self Repair","Beam Cell+1","Echo Form","Defragment+1","Beam Cell+1","Hologram+1","Rip and Tear","Cold Snap","Gash","Hologram","Electrodynamics","Cold Snap","Seek","Coolheaded","Heatsinks+1","Defragment+1","Gash","All For One","Genetic Algorithm"],"special_seed":0,"relics":["Cracked Core","Orrery","Old Coin","Incense Burner","Matryoshka","PreservedInsect","Cursed Key","InkBottle","Pantograph","Happy Flower","SlaversCollar"],"potions_floor_usage":[33],"damage_taken":[{"damage":2.0,"enemies":"Cultist","floor":1.0,"turns":4.0},{"damage":5.0,"enemies":"Small Slimes","floor":3.0,"turns":3.0},{"damage":9.0,"enemies":"2 Louse","floor":5.0,"turns":3.0},{"damage":21.0,"enemies":"Lagavulin","floor":8.0,"turns":7.0},{"damage":40.0,"enemies":"3 Sentries","floor":10.0,"turns":8.0},{"damage":12.0,"enemies":"Large Slime","floor":12.0,"turns":5.0},{"damage":23.0,"enemies":"Lots of Slimes","floor":13.0,"turns":8.0},{"damage":0.0,"enemies":"Gremlin Nob","floor":14.0,"turns":2.0},{"damage":19.0,"enemies":"Hexaghost","floor":16.0,"turns":9.0},{"damage":16.0,"enemies":"Chosen","floor":18.0,"turns":5.0},{"damage":27.0,"enemies":"Shell Parasite","floor":20.0,"turns":10.0},{"damage":11.0,"enemies":"Chosen and Byrds","floor":24.0,"turns":11.0},{"damage":21.0,"enemies":"Slavers","floor":25.0,"turns":4.0},{"damage":9.0,"enemies":"Cultist and Chosen","floor":28.0,"turns":9.0},{"damage":0.0,"enemies":"Snecko","floor":31.0,"turns":14.0},{"damage":44,"enemies":"Automaton","floor":33,"turns":13},{"damage":9,"enemies":"Orb Walker","floor":35,"turns":5},{"damage":53,"enemies":"3 Shapes","floor":37,"turns":14},{"damage":32,"enemies":"Jaw Worm Horde","floor":38,"turns":2}],"seed_played":"-542764494202979444","potions_obtained":[{"floor":5.0,"key":"SteroidPotion"},{"floor":13.0,"key":"AttackPotion"},{"floor":14.0,"key":"Energy Potion"},{"floor":18.0,"key":"Weak Potion"},{"floor":20.0,"key":"Swift Potion"},{"floor":28.0,"key":"LiquidMemories"},{"floor":37,"key":"Fire Potion"}],"is_trial":false,"path_per_floor":["M","$","M","?","M","R","$","E","T","E","R","M","M","E","R","B",null,"M","?","M","$","$","R","M","E","T","?","M","R","$","M","R","B",null,"M","?","M","M"],"character_chosen":"DEFECT","items_purchased":["Orrery","Rip and Tear","GamblersBrew","Seek","Coolheaded","Happy Flower"],"campfire_rested":1,"item_purchase_floors":[2,7,21,22,22,30],"current_hp_per_floor":[62,62,64,69,67,67,67,53,53,20,42,44,35,42,42,37,66,57,50,37,37,37,37,40,26,26,26,24,24,24,38,38,26,64,69,69,30,0],"gold":212,"neow_bonus":"TWO_FIFTY_GOLD","is_prod":false,"is_daily":false,"chose_seed":false,"campfire_upgraded":5,"win_rate":0,"timestamp":1707193641,"path_taken":["M","$","?","?","M","R","$","E","T","E","R","M","M","E","R","BOSS","M","?","?","?","$","R","M","E","T","?","M","R","$","M","R","BOSS","M","?","M","M"],"build_version":"2022-12-18","purchased_purges":3,"victory":false,"max_hp_per_floor":[71,71,71,76,76,76,76,76,76,76,76,76,76,76,76,76,76,76,76,76,76,76,76,76,76,76,76,76,76,76,76,76,76,76,76,76,76,76],"card_choices":[{"not_picked":["Doom and Gloom","Hologram"],"picked":"Auto Shields","floor":1.0},{"not_picked":["Ball Lightning","Coolheaded"],"picked":"Self Repair","floor":2.0},{"not_picked":["Scrape","Redo"],"picked":"Beam Cell","floor":2.0},{"not_picked":["Hologram","Sweeping Beam"],"picked":"Echo Form","floor":2.0},{"not_picked":["Thunder Strike","Rebound"],"picked":"Defragment","floor":2.0},{"not_picked":["Capacitor","Barrage"],"picked":"Beam Cell","floor":3.0},{"not_picked":["Aggregate","Recycle"],"picked":"Hologram","floor":5.0},{"not_picked":["Darkness","Chill"],"picked":"Cold Snap","floor":8.0},{"not_picked":["Fission","Gash","Sweeping Beam"],"picked":"SKIP","floor":10.0},{"not_picked":["Doom and Gloom","Force Field","Gash"],"picked":"SKIP","floor":12.0},{"not_picked":["Auto Shields","Rebound"],"picked":"Gash","floor":13.0},{"not_picked":["Amplify","Self Repair"],"picked":"Hologram","floor":14.0},{"not_picked":["Rainbow","Core Surge"],"picked":"Electrodynamics","floor":16.0},{"not_picked":["Loop","Steam"],"picked":"Cold Snap","floor":18.0},{"not_picked":["Redo","Barrage+1"],"picked":"Cold Snap","floor":20.0},{"not_picked":["Hello World","Beam Cell"],"picked":"Heatsinks+1","floor":24.0},{"not_picked":["Fusion+1","Static Discharge"],"picked":"Defragment","floor":25.0},{"not_picked":["Streamline+1","Cold Snap","Meteor Strike"],"picked":"SKIP","floor":28.0},{"not_picked":["Leap","FTL"],"picked":"Gash","floor":31.0},{"not_picked":["Thunder Strike","Amplify"],"picked":"All For One","floor":33},{"not_picked":["Gash","Hologram"],"picked":"Genetic Algorithm","floor":35},{"not_picked":["Sunder+1","Heatsinks","Doom and Gloom"],"picked":"SKIP","floor":37}],"player_experience":1322711,"relics_obtained":[{"floor":8.0,"key":"Old Coin"},{"floor":9.0,"key":"Incense Burner"},{"floor":10.0,"key":"Matryoshka"},{"floor":14.0,"key":"PreservedInsect"},{"floor":25.0,"key":"InkBottle"}],"event_choices":[{"damage_healed":0.0,"max_hp_gain":5.0,"max_hp_loss":0.0,"gold_gain":0.0,"event_name":"Big Fish","player_choice":"Donut","floor":4.0,"gold_loss":0.0,"damage_taken":0.0},{"damage_healed":0.0,"max_hp_gain":0.0,"max_hp_loss":0.0,"gold_gain":50.0,"event_name":"FaceTrader","player_choice":"Touch","floor":19.0,"gold_loss":0.0,"damage_taken":7.0},{"cards_removed":["Cold Snap"],"damage_healed":0.0,"max_hp_gain":0.0,"max_hp_loss":0.0,"gold_gain":0.0,"event_name":"WeMeetAgain","player_choice":"Gave Card","floor":27.0,"gold_loss":0.0,"damage_taken":0.0,"relics_obtained":["Pantograph"]},{"damage_healed":0,"gold_gain":50,"player_choice":"Pray","damage_taken":0,"max_hp_gain":0,"max_hp_loss":0,"event_name":"Golden Shrine","floor":36,"gold_loss":0}],"is_beta":false,"boss_relics":[{"not_picked":["Fusion Hammer","Snecko Eye"],"picked":"Cursed Key"},{"not_picked":["Busted Crown","Velvet Choker"],"picked":"SlaversCollar"}],"items_purged_floors":[7,21,22],"is_endless":false,"potions_floor_spawned":[5,13,14,18,20,28,37],"killed_by":"Jaw Worm Horde","ascension_level":20}