{"gold_per_floor":[364,364,27,43,53,53,80,99,167,199,209,228,228,241,241,312,312,330,330,346,346,363,363,373,373,427,454,322,322,422,70,70,147,147,165,165,190,207,220,255,274,301,301,314,314,93,109,120,120,120],"floor_reached":50,"playtime":2961,"items_purged":["Strike_B","Strike_B"],"score":1297,"play_id":"0535b912-f7af-4869-88cd-377afc1f44b2","local_time":"20240214034737","is_ascension_mode":true,"campfire_choices":[{"data":"Lockon","floor":6,"key":"SMITH"},{"floor":13,"key":"REST"},{"floor":15,"key":"REST"},{"data":"Hyperbeam","floor":23,"key":"SMITH"},{"data":"Tempest","floor":25,"key":"SMITH"},{"data":"Ghostly","floor":29,"key":"SMITH"},{"floor":32,"key":"REST"},{"floor":49,"key":"RECALL"}],"neow_cost":"PERCENT_DAMAGE","seed_source_timestamp":3005157713241100,"circlet_count":0,"master_deck":["AscendersBane","Defend_B","Defend_B","Defend_B","Defend_B+1","Zap","Dualcast","Lockon+1","Tempest+1","FTL","Ball Lightning","Ball Lightning","FTL+1","Conserve Battery","Hyperbeam+1","Chill","FTL+1","Echo Form","Ghostly+1","Ghostly","Ghostly+1","Coolheaded+1","Turbo+1","Consume+1","Fission+1","Capacitor+1","Hologram+1","Auto Shields+1","Conserve Battery+1","Glacier+1","Skim+1","Coolheaded+1"],"relics":["FrozenCore","Runic Capacitor","TungstenRod","Matryoshka","Centennial Puzzle","Velvet Choker","War Paint","Blood Vial","InkBottle","CaptainsWheel","Toxic Egg 2","OrangePellets","Unceasing Top","Whetstone","Bottled Tornado","Letter Opener","Lee\u0027s Waffle"],"potions_floor_usage":[7,7,10,12,18,27,33],"damage_taken":[{"damage":7,"enemies":"Cultist","floor":1,"turns":4},{"damage":2,"enemies":"Small Slimes","floor":4,"turns":3},{"damage":11,"enemies":"2 Louse","floor":5,"turns":3},{"damage":20,"enemies":"3 Sentries","floor":7,"turns":6},{"damage":13,"enemies":"Large Slime","floor":8,"turns":4},{"damage":0,"enemies":"Gremlin Nob","floor":10,"turns":2},{"damage":1,"enemies":"2 Fungi Beasts","floor":11,"turns":3},{"damage":8,"enemies":"Gremlin Gang","floor":12,"turns":4},{"damage":3,"enemies":"Red Slaver","floor":14,"turns":3},{"damage":17,"enemies":"Hexaghost","floor":16,"turns":7},{"damage":5,"enemies":"Spheric Guardian","floor":18,"turns":3},{"damage":0,"enemies":"Chosen","floor":20,"turns":3},{"damage":10,"enemies":"3 Cultists","floor":22,"turns":5},{"damage":0,"enemies":"Snake Plant","floor":24,"turns":4},{"damage":9,"enemies":"Book of Stabbing","floor":27,"turns":5},{"damage":0,"enemies":"Colosseum Slavers","floor":30,"turns":4},{"damage":4,"enemies":"Colosseum Nobs","floor":30,"turns":5},{"damage":0,"enemies":"Champ","floor":33,"turns":9},{"damage":0,"enemies":"Orb Walker","floor":35,"turns":4},{"damage":0,"enemies":"Mind Bloom Boss Battle","floor":37,"turns":5},{"damage":20,"enemies":"3 Darklings","floor":38,"turns":4},{"damage":2,"enemies":"4 Shapes","floor":39,"turns":4},{"damage":0,"enemies":"Giant Head","floor":40,"turns":23},{"damage":0,"enemies":"Sphere and 2 Shapes","floor":41,"turns":5},{"damage":4,"enemies":"Nemesis","floor":42,"turns":11},{"damage":0,"enemies":"3 Darklings","floor":44,"turns":5},{"damage":19,"enemies":"Transient","floor":47,"turns":6},{"damage":0,"enemies":"Sphere and 2 Shapes","floor":48,"turns":7},{"damage":29,"enemies":"Donu and Deca","floor":50,"turns":14}],"seed_played":"1769451765345648077","potions_obtained":[{"floor":5,"key":"Regen Potion"},{"floor":7,"key":"EssenceOfDarkness"},{"floor":8,"key":"Swift Potion"},{"floor":12,"key":"Explosive Potion"},{"floor":16,"key":"PotionOfCapacity"},{"floor":18,"key":"Weak Potion"},{"floor":27,"key":"SkillPotion"},{"floor":37,"key":"SteroidPotion"},{"floor":39,"key":"GamblersBrew"}],"is_trial":false,"path_per_floor":["M","?","$","M","M","R","E","M","T","E","M","M","R","M","R","B",null,"M","?","M","?","M","R","M","R","T","E","$","R","?","$","R","B",null,"M","$","?","M","M","E","M","E","T","M","?","$","M","M","R","B"],"character_chosen":"DEFECT","items_purchased":["Lockon","SteroidPotion","Runic Capacitor","Tempest","FocusPotion","Consume+1","OrangePellets","Lee\u0027s Waffle","Coolheaded+1"],"campfire_rested":3,"item_purchase_floors":[3,3,3,3,28,31,31,46,46],"current_hp_per_floor":[39,44,44,42,31,31,26,13,13,13,12,4,25,22,43,26,60,55,55,55,35,25,25,25,25,25,18,18,18,18,18,28,30,34,35,35,35,15,15,17,19,17,17,19,19,42,23,25,25,0],"gold":120,"neow_bonus":"TWO_FIFTY_GOLD","is_prod":false,"is_daily":false,"chose_seed":false,"campfire_upgraded":4,"win_rate":0,"timestamp":1707911257,"path_taken":["M","?","$","M","M","R","E","M","T","E","M","?","R","M","R","BOSS","M","?","M","?","M","R","M","R","T","E","$","R","?","$","R","BOSS","M","$","?","M","M","E","M","E","T","M","?","$","M","M","R","BOSS"],"build_version":"2022-12-18","purchased_purges":2,"victory":false,"max_hp_per_floor":[71,71,71,71,71,71,71,71,71,71,71,71,71,71,71,71,71,71,71,71,35,35,35,35,35,35,35,35,35,35,35,35,35,35,35,35,35,35,35,35,35,35,35,35,35,42,42,42,42,42],"card_choices":[{"not_picked":["Go for the Eyes","Loop"],"picked":"Compile Driver","floor":1},{"not_picked":["Compile Driver","Turbo"],"picked":"FTL","floor":4},{"not_picked":["Leap","Turbo"],"picked":"Ball Lightning","floor":5},{"not_picked":["Lockon","Rip and Tear"],"picked":"Ball Lightning","floor":7},{"not_picked":["Hello World","Capacitor","Reprogram"],"picked":"SKIP","floor":8},{"not_picked":["Rip and Tear","White Noise"],"picked":"FTL","floor":10},{"not_picked":["Steam","Rebound"],"picked":"Conserve Battery","floor":11},{"not_picked":["Thunder Strike","Hologram","Compile Driver"],"picked":"SKIP","floor":12},{"not_picked":["Thunder Strike","Hologram","Compile Driver"],"picked":"SKIP","floor":12},{"not_picked":["Barrage","Steam","Machine Learning"],"picked":"SKIP","floor":14},{"not_picked":["Rainbow","Echo Form"],"picked":"Hyperbeam","floor":16},{"not_picked":["Rebound","Steam"],"picked":"Chill","floor":18},{"not_picked":["Hologram","Go for the Eyes","Capacitor"],"picked":"SKIP","floor":20},{"not_picked":["Go for the Eyes","Skim"],"picked":"Coolheaded+1","floor":22},{"not_picked":["Streamline","Go for the Eyes","Scrape"],"picked":"SKIP","floor":24},{"not_picked":["Storm","Tempest","Rip and Tear"],"picked":"SKIP","floor":27},{"not_picked":["Sunder","Beam Cell+1"],"picked":"Turbo+1","floor":30},{"not_picked":["Rainbow+1","Machine Learning"],"picked":"Fission+1","floor":33},{"not_picked":["Compile Driver","Undo+1"],"picked":"Capacitor","floor":35},{"not_picked":["Barrage+1","Streamline"],"picked":"Hologram+1","floor":37},{"not_picked":["Streamline","Sweeping Beam"],"picked":"Auto Shields+1","floor":38},{"not_picked":["Compile Driver","Lockon","Storm"],"picked":"SKIP","floor":39},{"not_picked":["Sweeping Beam","Meteor Strike"],"picked":"Conserve Battery+1","floor":40},{"not_picked":["Compile Driver","Sweeping Beam","Ball Lightning+1"],"picked":"SKIP","floor":41},{"not_picked":["Recycle+1","Cold Snap"],"picked":"Glacier+1","floor":42},{"not_picked":["Self Repair","Streamline"],"picked":"Skim+1","floor":44},{"not_picked":["Auto Shields+1","Redo+1","Go for the Eyes"],"picked":"SKIP","floor":47},{"not_picked":["Turbo+1","Cold Snap","Fusion+1"],"picked":"SKIP","floor":48}],"player_experience":1350225,"relics_obtained":[{"floor":7,"key":"TungstenRod"},{"floor":9,"key":"Matryoshka"},{"floor":10,"key":"Centennial Puzzle"},{"floor":26,"key":"War Paint"},{"floor":26,"key":"Blood Vial"},{"floor":27,"key":"InkBottle"},{"floor":30,"key":"CaptainsWheel"},{"floor":30,"key":"Toxic Egg 2"},{"floor":37,"key":"Unceasing Top"},{"floor":40,"key":"Whetstone"},{"floor":42,"key":"Bottled Tornado"},{"floor":43,"key":"Letter Opener"}],"event_choices":[{"cards_removed":["Compile Driver"],"damage_healed":5,"gold_gain":0,"player_choice":"Offered Common","damage_taken":0,"max_hp_gain":0,"max_hp_loss":0,"event_name":"Bonfire Elementals","floor":2,"gold_loss":0},{"cards_removed":["Compile Driver"],"damage_healed":5,"gold_gain":0,"player_choice":"Offered Special","damage_taken":0,"max_hp_gain":0,"max_hp_loss":0,"event_name":"Bonfire Elementals","floor":2,"gold_loss":0},{"damage_healed":0,"gold_gain":0,"cards_transformed":["Strike_B","Strike_B"],"player_choice":"Became Test Subject","damage_taken":0,"max_hp_gain":0,"max_hp_loss":0,"event_name":"Drug Dealer","floor":19,"gold_loss":0,"cards_obtained":["FTL","Echo Form"]},{"damage_healed":0,"gold_gain":0,"player_choice":"Became a Ghost","damage_taken":0,"max_hp_gain":0,"max_hp_loss":36,"event_name":"Ghosts","floor":21,"gold_loss":0,"cards_obtained":["Ghostly","Ghostly","Ghostly"]},{"damage_healed":0,"gold_gain":0,"player_choice":"Fight","damage_taken":0,"max_hp_gain":0,"max_hp_loss":0,"event_name":"Colosseum","floor":30,"gold_loss":0},{"damage_healed":0,"gold_gain":0,"player_choice":"Fought Nobs","damage_taken":0,"max_hp_gain":0,"max_hp_loss":0,"event_name":"Colosseum","floor":30,"gold_loss":0},{"damage_healed":0,"gold_gain":0,"player_choice":"Fight","damage_taken":0,"max_hp_gain":0,"max_hp_loss":0,"event_name":"MindBloom","floor":37,"gold_loss":0},{"damage_healed":0,"gold_gain":0,"player_choice":"Forge","damage_taken":0,"max_hp_gain":0,"max_hp_loss":0,"event_name":"Accursed Blacksmith","floor":45,"gold_loss":0,"cards_upgraded":["Capacitor"]}],"is_beta":false,"boss_relics":[{"not_picked":["Fusion Hammer","Runic Dome"],"picked":"Velvet Choker"},{"not_picked":["SacredBark","Inserter"],"picked":"FrozenCore"}],"items_purged_floors":[28,31],"is_endless":false,"potions_floor_spawned":[5,7,8,12,16,18,27,37,39,47,48],"killed_by":"Donu and Deca","ascension_level":20}