{"gold_per_floor":[213,223,237,249,7,7,82,110,110,110,125,145,145,171,171,246,246,263,280,280,299,310,324,324,66,93,17,67,100,100,112,112,186,186,205,230,281,281,281,311,329,329,398,424,443,478,83,101,101,101,101,101,101,13,40,40],"floor_reached":57,"playtime":4395,"items_purged":["Strike_B","Strike_B","Chill+1"],"score":2894,"play_id":"9441f9ff-6248-44f3-b5d8-637930322a76","local_time":"20240215214215","is_ascension_mode":true,"campfire_choices":[{"data":"Beam Cell","floor":6,"key":"SMITH"},{"data":"Blizzard","floor":10,"key":"SMITH"},{"data":"Consume","floor":13,"key":"SMITH"},{"floor":15,"key":"REST"},{"floor":24,"key":"REST"},{"data":"Heatsinks","floor":30,"key":"SMITH"},{"data":"Capacitor","floor":32,"key":"SMITH"},{"floor":42,"key":"RECALL"},{"floor":49,"key":"REST"},{"floor":53,"key":"REST"}],"neow_cost":"NONE","seed_source_timestamp":124734246387600,"circlet_count":0,"master_deck":["AscendersBane","Defend_B","Defend_B","Defend_B","Defend_B","Zap","Dualcast","Sweeping Beam","Cold Snap","Cold Snap","FTL","Coolheaded","Blizzard+1","Consume+1","Hologram","Electrodynamics","CurseOfTheBell","Leap+1","Double Energy+1","Gash","Creative AI","Coolheaded+1","Turbo+1","Chill+1","Capacitor+1","Heatsinks+1","Echo Form","Core Surge","Recycle+1","Capacitor","Hologram+1","Coolheaded+1","Coolheaded+1","Loop"],"relics":["Cracked Core","Orrery","Oddly Smooth Stone","Eternal Feather","Pocketwatch","Calling Bell","Akabeko","Toxic Egg 2","Dead Branch","DataDisk","Art of War","Bottled Tornado","Fusion Hammer","Unceasing Top","TungstenRod","Gremlin Horn","MealTicket","Ornamental Fan","OrangePellets","Pear"],"potions_floor_usage":[14,16,18,23,29,36,45,55,56],"damage_taken":[{"damage":0,"enemies":"Cultist","floor":1,"turns":3},{"damage":2,"enemies":"Jaw Worm","floor":2,"turns":2},{"damage":4,"enemies":"2 Louse","floor":3,"turns":3},{"damage":7,"enemies":"Blue Slaver","floor":4,"turns":3},{"damage":22,"enemies":"Lagavulin","floor":8,"turns":9},{"damage":8,"enemies":"Large Slime","floor":11,"turns":4},{"damage":6,"enemies":"Red Slaver","floor":12,"turns":2},{"damage":10,"enemies":"Gremlin Nob","floor":14,"turns":3},{"damage":26,"enemies":"The Guardian","floor":16,"turns":9},{"damage":18,"enemies":"2 Thieves","floor":18,"turns":4},{"damage":0,"enemies":"Chosen","floor":19,"turns":4},{"damage":13,"enemies":"Centurion and Healer","floor":21,"turns":5},{"damage":0,"enemies":"3 Cultists","floor":22,"turns":3},{"damage":23,"enemies":"Snake Plant","floor":23,"turns":5},{"damage":0,"enemies":"Gremlin Leader","floor":29,"turns":7},{"damage":18,"enemies":"Shelled Parasite and Fungi","floor":31,"turns":5},{"damage":1,"enemies":"Champ","floor":33,"turns":20},{"damage":0,"enemies":"Orb Walker","floor":35,"turns":3},{"damage":0,"enemies":"Mind Bloom Boss Battle","floor":36,"turns":6},{"damage":16,"enemies":"2 Orb Walkers","floor":37,"turns":4},{"damage":25,"enemies":"Nemesis","floor":40,"turns":11},{"damage":2,"enemies":"3 Darklings","floor":41,"turns":5},{"damage":0,"enemies":"Reptomancer","floor":44,"turns":4},{"damage":0,"enemies":"Transient","floor":45,"turns":6},{"damage":16,"enemies":"Nemesis","floor":46,"turns":11},{"damage":0,"enemies":"Writhing Mass","floor":48,"turns":10},{"damage":16,"enemies":"Donu and Deca","floor":50,"turns":7},{"damage":38,"enemies":"Awakened One","floor":51,"turns":12},{"damage":27,"enemies":"Shield and Spear","floor":55,"turns":5},{"damage":21,"enemies":"The Heart","floor":56,"turns":13}],"seed_played":"2175451796116902835","potions_obtained":[{"floor":3,"key":"PowerPotion"},{"floor":4,"key":"CultistPotion"},{"floor":11,"key":"AttackPotion"},{"floor":14,"key":"SkillPotion"},{"floor":16,"key":"AttackPotion"},{"floor":22,"key":"EssenceOfSteel"},{"floor":23,"key":"Strength Potion"},{"floor":29,"key":"SmokeBomb"},{"floor":31,"key":"Fire Potion"},{"floor":35,"key":"SkillPotion"},{"floor":37,"key":"Strength Potion"},{"floor":39,"key":"Ancient Potion"},{"floor":45,"key":"SteroidPotion"}],"is_trial":false,"path_per_floor":["M","M","M","M","$","R","?","E","T","R","M","M","R","E","R","B",null,"M","M","?","M","M","M","R","$","T","$","?","E","R","M","R","B",null,"M","?","?","?","?","E","M","R","T","E","M","E","$","M","R","B","B",null,"R","$","E","B",null],"character_chosen":"DEFECT","items_purchased":["Orrery","DataDisk","Capacitor","OrangePellets","Swift Potion","Coolheaded+1","Loop"],"campfire_rested":4,"item_purchase_floors":[5,25,27,47,47,47,54],"current_hp_per_floor":[64,62,58,51,51,51,40,18,18,27,19,13,22,12,42,16,57,39,39,39,26,26,3,39,39,39,39,39,39,54,36,51,50,66,66,66,50,50,50,25,23,41,41,41,41,25,40,40,71,55,17,58,71,71,54,33],"gold":40,"neow_bonus":"HUNDRED_GOLD","is_prod":false,"is_daily":false,"chose_seed":false,"campfire_upgraded":5,"win_rate":0,"timestamp":1708062135,"path_taken":["M","M","M","M","$","R","?","E","T","R","M","M","R","E","R","BOSS","M","M","?","M","M","M","R","?","T","$","?","E","R","M","R","BOSS","M","?","?","?","?","E","M","R","T","E","M","E","$","M","R","BOSS","BOSS","R","$","E","BOSS"],"build_version":"2022-12-18","purchased_purges":3,"victory":true,"max_hp_per_floor":[71,71,71,71,71,71,71,71,71,71,71,71,71,71,71,71,71,71,71,71,71,71,71,71,71,71,71,71,71,71,71,71,71,71,71,71,71,71,71,71,71,71,71,71,71,71,71,71,71,71,71,71,71,71,81,81],"card_choices":[{"not_picked":["Lockon","Darkness"],"picked":"Beam Cell","floor":1},{"not_picked":["Hello World","Beam Cell"],"picked":"Sweeping Beam","floor":2},{"not_picked":["Sweeping Beam","Auto Shields"],"picked":"Cold Snap","floor":3},{"not_picked":["Beam Cell","Steam","Steam Power"],"picked":"SKIP","floor":4},{"not_picked":["Ball Lightning","Barrage"],"picked":"Cold Snap","floor":5},{"not_picked":["Auto Shields","Recycle"],"picked":"FTL","floor":5},{"not_picked":["Rainbow","Compile Driver"],"picked":"Coolheaded","floor":5},{"not_picked":["Beam Cell","Ball Lightning"],"picked":"Blizzard","floor":5},{"not_picked":["Rainbow","Barrage","Storm"],"picked":"SKIP","floor":8},{"not_picked":["FTL","Turbo","Hello World"],"picked":"SKIP","floor":11},{"not_picked":["Chill","Sweeping Beam"],"picked":"Consume","floor":12},{"not_picked":["Conserve Battery","Sunder"],"picked":"Hologram","floor":14},{"not_picked":["Reboot","All For One"],"picked":"Electrodynamics","floor":16},{"not_picked":["Compile Driver","Defragment"],"picked":"Leap+1","floor":18},{"not_picked":["Genetic Algorithm+1","Force Field+1"],"picked":"Double Energy+1","floor":19},{"not_picked":["Darkness+1","Cold Snap"],"picked":"Coolheaded+1","floor":21},{"not_picked":["Gash","Fusion+1"],"picked":"Turbo+1","floor":22},{"not_picked":["Streamline+1","Sweeping Beam"],"picked":"Chill+1","floor":23},{"not_picked":["Barrage","Melter"],"picked":"Heatsinks","floor":29},{"not_picked":["Gash","Hologram+1"],"picked":"Echo Form","floor":31},{"not_picked":["Machine Learning","Meteor Strike"],"picked":"Core Surge","floor":33},{"not_picked":["Conserve Battery+1","Scrape"],"picked":"Recycle+1","floor":35},{"not_picked":["Genetic Algorithm+1","Recycle+1"],"picked":"Chill+1","floor":40},{"not_picked":["FTL","Fusion+1"],"picked":"Capacitor","floor":41},{"not_picked":["Cold Snap","Loop","Barrage"],"picked":"SKIP","floor":44},{"not_picked":["Rip and Tear+1","Turbo+1"],"picked":"Hologram+1","floor":45},{"not_picked":["Gash+1","Buffer","Rebound"],"picked":"SKIP","floor":46},{"not_picked":["Hologram+1","Sweeping Beam+1"],"picked":"Coolheaded+1","floor":48},{"not_picked":["Hello World","Beam Cell+1","Static Discharge+1"],"picked":"SKIP","floor":55}],"player_experience":1360693,"relics_obtained":[{"floor":8,"key":"Oddly Smooth Stone"},{"floor":9,"key":"Eternal Feather"},{"floor":14,"key":"Pocketwatch"},{"floor":17,"key":"Akabeko"},{"floor":17,"key":"Toxic Egg 2"},{"floor":17,"key":"Dead Branch"},{"floor":26,"key":"Art of War"},{"floor":29,"key":"Bottled Tornado"},{"floor":36,"key":"Unceasing Top"},{"floor":37,"key":"TungstenRod"},{"floor":40,"key":"Gremlin Horn"},{"floor":44,"key":"MealTicket"},{"floor":46,"key":"Ornamental Fan"},{"floor":55,"key":"Pear"}],"event_choices":[{"damage_healed":0,"gold_gain":75,"player_choice":"Gather Gold","damage_taken":11,"max_hp_gain":0,"max_hp_loss":0,"event_name":"World of Goop","floor":7,"gold_loss":0},{"damage_healed":0,"gold_gain":0,"cards_transformed":["Strike_B","Strike_B"],"player_choice":"Became Test Subject","damage_taken":0,"max_hp_gain":0,"max_hp_loss":0,"event_name":"Drug Dealer","floor":20,"gold_loss":0,"cards_obtained":["Gash","Creative AI"]},{"damage_healed":0,"gold_gain":50,"player_choice":"Stole From Cult","damage_taken":0,"max_hp_gain":0,"max_hp_loss":0,"event_name":"Nest","floor":28,"gold_loss":0},{"damage_healed":0,"gold_gain":0,"player_choice":"Fight","damage_taken":0,"max_hp_gain":0,"max_hp_loss":0,"event_name":"MindBloom","floor":36,"gold_loss":0},{"damage_healed":0,"gold_gain":0,"player_choice":"Fight","damage_taken":0,"max_hp_gain":0,"max_hp_loss":0,"event_name":"Mysterious Sphere","floor":37,"gold_loss":0},{"cards_removed":["Beam Cell"],"damage_healed":0,"gold_gain":0,"player_choice":"Removed Attack","damage_taken":0,"max_hp_gain":0,"max_hp_loss":0,"event_name":"Falling","floor":38,"gold_loss":0},{"damage_healed":0,"gold_gain":0,"player_choice":"Got Potions","damage_taken":0,"max_hp_gain":0,"max_hp_loss":0,"event_name":"Lab","floor":39,"gold_loss":0}],"is_beta":false,"boss_relics":[{"not_picked":["Astrolabe","Empty Cage"],"picked":"Calling Bell"},{"not_picked":["Busted Crown","Black Star"],"picked":"Fusion Hammer"}],"items_purged_floors":[5,25,47],"is_endless":false,"potions_floor_spawned":[3,4,11,14,16,22,23,29,31,35,37,45,46],"ascension_level":20}