{"gold_per_floor":[111,111,36,48,64,95,95,127,152,152,163,163,163,163],"floor_reached":14,"playtime":346,"items_purged":["Strike_G"],"score":196,"play_id":"b0bc3107-2b0f-474b-a498-79609720931a","local_time":"20231227120820","is_ascension_mode":true,"campfire_choices":[{"data":"Poisoned Stab","floor":7,"key":"SMITH"},{"data":"Deadly Poison","floor":10,"key":"SMITH"},{"data":"Dash","floor":12,"key":"SMITH"}],"neow_cost":"NONE","seed_source_timestamp":1216382110809100,"circlet_count":0,"master_deck":["AscendersBane","Strike_G","Strike_G","Strike_G","Defend_G","Defend_G","Defend_G","Defend_G","Defend_G","Survivor","Neutralize","Dagger Spray+1","Deadly Poison+1","Poisoned Stab+1","Dash+1","Acrobatics","Footwork","Concentrate"],"relics":["Ring of the Snake","NeowsBlessing","Omamori","Regal Pillow","Bronze Scales"],"potions_floor_usage":[6,8],"damage_taken":[{"damage":0,"enemies":"Jaw Worm","floor":1,"turns":1},{"damage":0,"enemies":"Cultist","floor":4,"turns":1},{"damage":0,"enemies":"2 Louse","floor":5,"turns":1},{"damage":21,"enemies":"3 Sentries","floor":6,"turns":8},{"damage":10,"enemies":"Lagavulin","floor":8,"turns":5},{"damage":0,"enemies":"Exordium Wildlife","floor":11,"turns":3},{"damage":34,"enemies":"Gremlin Nob","floor":14,"turns":4}],"seed_played":"-5459319808634373965","potions_obtained":[{"floor":1,"key":"BlessingOfTheForge"},{"floor":5,"key":"FearPotion"}],"is_trial":false,"path_per_floor":["M","?","$","M","M","E","R","E","T","R","M","R","?","E"],"character_chosen":"THE_SILENT","items_purchased":[],"campfire_rested":0,"item_purchase_floors":[],"current_hp_per_floor":[59,59,59,59,59,38,38,28,28,28,28,28,28,0],"gold":163,"neow_bonus":"THREE_ENEMY_KILL","is_prod":false,"is_daily":false,"chose_seed":false,"campfire_upgraded":3,"win_rate":0,"timestamp":1703707700,"path_taken":["M","?","$","M","?","E","R","E","T","R","M","R","?","E"],"build_version":"2022-12-18","purchased_purges":1,"victory":false,"max_hp_per_floor":[66,66,66,66,66,66,66,66,66,66,66,66,66,66],"card_choices":[{"not_picked":["Catalyst","Crippling Poison"],"picked":"Dagger Spray","floor":1},{"not_picked":["Flying Knee","Prepared"],"picked":"Deadly Poison","floor":4},{"not_picked":["Slice","Outmaneuver"],"picked":"Poisoned Stab","floor":5},{"not_picked":["Finisher","Bullet Time"],"picked":"Dash","floor":6},{"not_picked":["Dagger Throw","Dagger Spray"],"picked":"Acrobatics","floor":8},{"not_picked":["Poisoned Stab","Backflip"],"picked":"Footwork","floor":11}],"player_experience":1104922,"relics_obtained":[{"floor":6,"key":"Omamori"},{"floor":8,"key":"Regal Pillow"},{"floor":9,"key":"Bronze Scales"}],"event_choices":[{"damage_healed":0,"gold_gain":0,"player_choice":"Upgraded","damage_taken":0,"max_hp_gain":0,"max_hp_loss":0,"event_name":"Upgrade Shrine","floor":2,"gold_loss":0,"cards_upgraded":["Dagger Spray"]},{"damage_healed":0,"gold_gain":0,"cards_transformed":["Strike_G"],"player_choice":"Change","damage_taken":0,"max_hp_gain":0,"max_hp_loss":0,"event_name":"Living Wall","floor":13,"gold_loss":0,"cards_obtained":["Concentrate"]}],"is_beta":false,"boss_relics":[],"items_purged_floors":[3],"is_endless":false,"potions_floor_spawned":[1,5],"killed_by":"Gremlin Nob","ascension_level":20}