{"gold_per_floor":[111,128,128,142,142,142,168,168,168,180,193,222,222,232,232,308,308,327,327,341,72,83,83,112,112,139,139,150,181,181,197,197,276,276,276],"floor_reached":35,"playtime":1609,"items_purged":["Strike_G"],"score":864,"play_id":"4364996e-ad17-4a99-9b6f-3293d8369fc0","local_time":"20231227132944","is_ascension_mode":true,"campfire_choices":[{"data":"Phantasmal Killer","floor":6,"key":"SMITH"},{"floor":8,"key":"REST"},{"data":"Blade Dance","floor":13,"key":"SMITH"},{"data":"Blade Dance","floor":15,"key":"SMITH"},{"data":"RitualDagger","floor":23,"key":"SMITH"},{"floor":25,"key":"REST"},{"floor":30,"key":"REST"},{"data":"Night Terror","floor":32,"key":"SMITH"}],"neow_cost":"TEN_PERCENT_HP_LOSS","seed_source_timestamp":1219997431521500,"circlet_count":0,"master_deck":["AscendersBane","Strike_G","Strike_G","Strike_G","Defend_G","Defend_G","Defend_G","Defend_G","Defend_G","Survivor","Neutralize","Blade Dance+1","Dagger Throw","Riddle With Holes","Phantasmal Killer+1","Footwork","Underhanded Strike","Blade Dance+1","PiercingWail","Night Terror+1","Dagger Throw","RitualDagger+1","Terror","Prepared","Blade Dance","Night Terror"],"relics":["Ring of the Snake","Torii","Dead Branch","The Courier","Tough Bandages","Vajra","SlaversCollar","Lantern","Bag of Preparation","Enchiridion","Snake Skull","Runic Pyramid"],"potions_floor_usage":[7,12,16,22,33],"damage_taken":[{"damage":1,"enemies":"2 Louse","floor":1,"turns":4},{"damage":0,"enemies":"Small Slimes","floor":2,"turns":3},{"damage":2,"enemies":"Jaw Worm","floor":4,"turns":4},{"damage":12,"enemies":"Lagavulin","floor":7,"turns":8},{"damage":4,"enemies":"Exordium Wildlife","floor":10,"turns":7},{"damage":1,"enemies":"2 Fungi Beasts","floor":11,"turns":2},{"damage":10,"enemies":"3 Sentries","floor":12,"turns":5},{"damage":0,"enemies":"Looter","floor":14,"turns":2},{"damage":5,"enemies":"Hexaghost","floor":16,"turns":6},{"damage":3,"enemies":"3 Byrds","floor":18,"turns":4},{"damage":1,"enemies":"Chosen","floor":20,"turns":3},{"damage":32,"enemies":"Shelled Parasite and Fungi","floor":22,"turns":6},{"damage":1,"enemies":"Gremlin Leader","floor":24,"turns":3},{"damage":0,"enemies":"Centurion and Healer","floor":28,"turns":2},{"damage":6,"enemies":"Slavers","floor":29,"turns":2},{"damage":0,"enemies":"Chosen and Byrds","floor":31,"turns":3},{"damage":9,"enemies":"Automaton","floor":33,"turns":4},{"damage":57,"enemies":"3 Shapes","floor":35,"turns":4}],"seed_played":"-7632585313718560801","potions_obtained":[{"floor":2,"key":"EssenceOfSteel"},{"floor":11,"key":"ColorlessPotion"},{"floor":14,"key":"PowerPotion"},{"floor":16,"key":"Regen Potion"},{"floor":18,"key":"SpeedPotion"},{"floor":28,"key":"Strength Potion"}],"is_trial":false,"path_per_floor":["M","M","?","M","?","R","E","R","T","M","M","E","R","M","R","B",null,"M","?","M","$","M","R","E","R","T","?","M","E","R","M","R","B",null,"M"],"character_chosen":"THE_SILENT","items_purchased":["Terror","Lantern","Prepared"],"campfire_rested":3,"item_purchase_floors":[21,21,21],"current_hp_per_floor":[58,58,58,56,30,30,18,36,36,32,31,21,21,21,21,16,49,46,40,39,39,19,19,18,36,36,15,15,9,27,27,27,18,50,0],"gold":276,"neow_bonus":"ONE_RARE_RELIC","is_prod":false,"is_daily":false,"chose_seed":false,"campfire_upgraded":5,"win_rate":0,"timestamp":1703712584,"path_taken":["M","M","?","M","?","R","E","R","T","M","M","E","R","M","R","BOSS","M","?","M","$","M","R","E","R","T","?","M","E","R","M","R","BOSS","M"],"build_version":"2022-12-18","purchased_purges":1,"victory":false,"max_hp_per_floor":[60,60,60,60,60,60,60,60,60,60,60,60,60,60,60,60,60,60,60,60,60,60,60,60,60,60,60,60,60,60,60,60,60,60,60],"card_choices":[{"not_picked":["Poisoned Stab","Acrobatics"],"picked":"Blade Dance","floor":1},{"not_picked":["All Out Attack","Caltrops"],"picked":"Dagger Throw","floor":2},{"not_picked":["Deadly Poison","Blade Dance"],"picked":"Phantasmal Killer","floor":4},{"not_picked":["Slice","Escape Plan"],"picked":"Footwork","floor":7},{"not_picked":["Expertise","Quick Slash"],"picked":"Underhanded Strike","floor":10},{"not_picked":["Flying Knee","Underhanded Strike","Finisher"],"picked":"SKIP","floor":11},{"not_picked":["Concentrate","Tools of the Trade"],"picked":"Blade Dance","floor":12},{"not_picked":["Flying Knee","Infinite Blades"],"picked":"PiercingWail","floor":14},{"not_picked":["Unload","Die Die Die"],"picked":"Night Terror","floor":16},{"not_picked":["Underhanded Strike","Slice"],"picked":"Dagger Throw","floor":18},{"not_picked":["Flying Knee","Sucker Punch","Dagger Throw"],"picked":"SKIP","floor":20},{"not_picked":["Sucker Punch+1","Escape Plan","Quick Slash"],"picked":"SKIP","floor":22},{"not_picked":["Blade Dance","Dagger Throw","Deadly Poison"],"picked":"SKIP","floor":24},{"not_picked":["Backflip","Cloak And Dagger","Infinite Blades"],"picked":"SKIP","floor":28},{"not_picked":["Poisoned Stab+1","Dagger Spray"],"picked":"Blade Dance","floor":29},{"not_picked":["Dagger Throw","Poisoned Stab","Sucker Punch+1"],"picked":"SKIP","floor":31},{"not_picked":["Burst","Phantasmal Killer"],"picked":"Night Terror","floor":33}],"player_experience":1108439,"relics_obtained":[{"floor":7,"key":"The Courier"},{"floor":9,"key":"Tough Bandages"},{"floor":12,"key":"Vajra"},{"floor":24,"key":"Bag of Preparation"},{"floor":27,"key":"Enchiridion"},{"floor":29,"key":"Snake Skull"}],"event_choices":[{"damage_healed":0,"gold_gain":0,"cards_transformed":["Strike_G"],"player_choice":"Change","damage_taken":0,"max_hp_gain":0,"max_hp_loss":0,"event_name":"Living Wall","floor":3,"gold_loss":0,"cards_obtained":["Riddle With Holes"]},{"damage_healed":0,"gold_gain":0,"player_choice":"Success","damage_taken":26,"relics_obtained":["Dead Branch"],"max_hp_gain":0,"max_hp_loss":0,"event_name":"Scrap Ooze","floor":5,"gold_loss":0},{"damage_healed":0,"gold_gain":0,"player_choice":"Joined the Cult","damage_taken":6,"max_hp_gain":0,"max_hp_loss":0,"event_name":"Nest","floor":19,"gold_loss":0,"cards_obtained":["RitualDagger"]},{"damage_healed":0,"gold_gain":0,"player_choice":"Obtained Book","damage_taken":21,"max_hp_gain":0,"max_hp_loss":0,"event_name":"Cursed Tome","floor":27,"gold_loss":0}],"is_beta":false,"boss_relics":[{"not_picked":["Ring of the Serpent","Sozu"],"picked":"SlaversCollar"},{"not_picked":["Black Star","WristBlade"],"picked":"Runic Pyramid"}],"items_purged_floors":[21],"is_endless":false,"potions_floor_spawned":[2,11,14,16,18,20,28],"killed_by":"3 Shapes","ascension_level":20}