{"gold_per_floor":[111,127,145,159,159,159,173,200,500,500,528,548,548,173,173,248,248,263,163,163,180,193,193,212,243,267,267,39,71,81,181,181,255,255,270,286,286,301,191,191,191],"floor_reached":41,"playtime":1854,"items_purged":["Strike_G","Strike_G"],"score":936,"play_id":"68d3bda8-4872-422c-b18d-577ad02fb27f","local_time":"20231229051152","is_ascension_mode":true,"campfire_choices":[{"data":"Poisoned Stab","floor":6.0,"key":"SMITH"},{"data":"Dagger Spray","floor":10.0,"key":"SMITH"},{"data":"Well Laid Plans","floor":15,"key":"SMITH"},{"data":"Calculated Gamble","floor":23,"key":"SMITH"},{"data":"Phantasmal Killer","floor":32,"key":"SMITH"},{"floor":40,"key":"RECALL"}],"neow_cost":"NONE","seed_source_timestamp":1362617301185300,"circlet_count":0,"master_deck":["AscendersBane","Strike_G","Defend_G+1","Defend_G+1","Defend_G","Defend_G","Defend_G","Survivor","Neutralize","Underhanded Strike","Dagger Spray+1","Poisoned Stab+1","Dagger Throw","Acrobatics","Terror","Well Laid Plans+1","After Image+1","PiercingWail","Phantasmal Killer+1","Reflex","Calculated Gamble+1","Eviscerate","Terror","Adrenaline","Prepared+1"],"special_seed":0,"relics":["Ring of the Snake","Bag of Marbles","War Paint","Old Coin","Ninja Scroll","Lee\u0027s Waffle","Coffee Dripper","StoneCalendar","OrangePellets","CaptainsWheel","Ice Cream","Darkstone Periapt","Fusion Hammer"],"potions_floor_usage":[16,22,25,25,29,31,33,38,38],"damage_taken":[{"damage":3.0,"enemies":"Jaw Worm","floor":1.0,"turns":5.0},{"damage":0.0,"enemies":"Small Slimes","floor":2.0,"turns":4.0},{"damage":1.0,"enemies":"Cultist","floor":3.0,"turns":3.0},{"damage":9.0,"enemies":"Exordium Wildlife","floor":4.0,"turns":4.0},{"damage":5.0,"enemies":"Large Slime","floor":7.0,"turns":6.0},{"damage":21.0,"enemies":"Lagavulin","floor":8.0,"turns":7.0},{"damage":21,"enemies":"Gremlin Nob","floor":11,"turns":4},{"damage":0,"enemies":"2 Fungi Beasts","floor":12,"turns":1},{"damage":62,"enemies":"Slime Boss","floor":16,"turns":14},{"damage":7,"enemies":"Spheric Guardian","floor":18,"turns":4},{"damage":0,"enemies":"Chosen","floor":21,"turns":3},{"damage":0,"enemies":"Snecko","floor":22,"turns":2},{"damage":12,"enemies":"Snake Plant","floor":24,"turns":5},{"damage":1,"enemies":"Book of Stabbing","floor":25,"turns":3},{"damage":0,"enemies":"Slavers","floor":29,"turns":2},{"damage":0,"enemies":"Cultist and Chosen","floor":30,"turns":5},{"damage":9,"enemies":"Colosseum Slavers","floor":31,"turns":4},{"damage":2,"enemies":"Colosseum Nobs","floor":31,"turns":5},{"damage":5,"enemies":"Champ","floor":33,"turns":8},{"damage":7,"enemies":"3 Shapes","floor":35,"turns":4},{"damage":31,"enemies":"3 Darklings","floor":36,"turns":7},{"damage":21,"enemies":"Transient","floor":38,"turns":6},{"damage":17,"enemies":"Reptomancer","floor":41,"turns":2}],"seed_played":"-2165160530166779488","potions_obtained":[{"floor":7.0,"key":"Poison Potion"},{"floor":12,"key":"BlessingOfTheForge"},{"floor":16,"key":"Fire Potion"},{"floor":18,"key":"Poison Potion"},{"floor":24,"key":"SkillPotion"},{"floor":29,"key":"Block Potion"},{"floor":31,"key":"ColorlessPotion"},{"floor":35,"key":"Strength Potion"},{"floor":36,"key":"EssenceOfSteel"}],"is_trial":false,"path_per_floor":["M","M","M","M","?","R","M","E","T","R","E","M","?","$","R","B",null,"M","$","?","M","M","R","M","E","T","?","$","E","M","?","R","B",null,"M","M","?","M","?","R","E"],"character_chosen":"THE_SILENT","items_purchased":["Lee\u0027s Waffle","After Image","PiercingWail","OrangePellets","SteroidPotion"],"campfire_rested":0,"item_purchase_floors":[14,14,14,28,28],"current_hp_per_floor":[56,56,55,46,51,51,46,25,25,25,4,4,4,78,78,16,63,56,56,56,56,56,56,44,43,43,43,43,43,43,32,32,27,65,58,27,27,6,6,6,0],"gold":191,"neow_bonus":"RANDOM_COMMON_RELIC","is_prod":false,"is_daily":false,"chose_seed":false,"campfire_upgraded":5,"win_rate":0,"timestamp":1703855512,"path_taken":["M","M","M","M","?","R","M","E","T","R","E","M","?","$","R","BOSS","M","$","?","M","M","R","?","E","T","?","$","E","M","?","R","BOSS","M","M","?","M","?","R","E"],"build_version":"2022-12-18","purchased_purges":2,"victory":false,"max_hp_per_floor":[66,66,66,66,71,71,71,71,71,71,71,71,71,78,78,78,78,78,78,78,78,78,78,78,78,78,78,78,78,78,78,78,78,78,78,78,74,74,74,74,74],"card_choices":[{"not_picked":["Prepared","Escape Plan"],"picked":"Underhanded Strike","floor":1.0},{"not_picked":["Backflip","Accuracy"],"picked":"Dagger Spray","floor":2.0},{"not_picked":["Bane","Heel Hook"],"picked":"Poisoned Stab","floor":3.0},{"not_picked":["Skewer","Underhanded Strike","Poisoned Stab"],"picked":"SKIP","floor":4.0},{"not_picked":["Infinite Blades","Dodge and Roll"],"picked":"Dagger Throw","floor":7.0},{"not_picked":["Accuracy","Slice"],"picked":"Acrobatics","floor":8.0},{"not_picked":["Riddle With Holes","Reflex"],"picked":"Terror","floor":11},{"not_picked":["All Out Attack","Dagger Spray"],"picked":"Well Laid Plans","floor":12},{"not_picked":["Wraith Form v2","Die Die Die"],"picked":"Phantasmal Killer","floor":16},{"not_picked":["PiercingWail","Poisoned Stab","Outmaneuver"],"picked":"SKIP","floor":18},{"not_picked":["Dagger Spray","Cloak And Dagger"],"picked":"Reflex","floor":21},{"not_picked":["Dagger Spray+1","Outmaneuver"],"picked":"Calculated Gamble","floor":22},{"not_picked":["Dagger Throw","Dodge and Roll","Grand Finale"],"picked":"SKIP","floor":24},{"not_picked":["Outmaneuver","Prepared"],"picked":"Eviscerate","floor":25},{"not_picked":["Slice","Noxious Fumes","Dagger Spray+1"],"picked":"SKIP","floor":29},{"not_picked":["Underhanded Strike","PiercingWail","Quick Slash"],"picked":"SKIP","floor":30},{"not_picked":["Dash","Flechettes"],"picked":"Terror","floor":31},{"not_picked":["Doppelganger","Die Die Die"],"picked":"Adrenaline","floor":33},{"not_picked":["Quick Slash","Finisher","Bouncing Flask"],"picked":"SKIP","floor":35},{"not_picked":["Endless Agony","Bouncing Flask+1"],"picked":"Prepared","floor":36},{"not_picked":["PiercingWail","Bane","Outmaneuver"],"picked":"SKIP","floor":38}],"player_experience":1127269,"relics_obtained":[{"floor":8.0,"key":"War Paint"},{"floor":9.0,"key":"Old Coin"},{"floor":11,"key":"Ninja Scroll"},{"floor":25,"key":"StoneCalendar"},{"floor":29,"key":"CaptainsWheel"},{"floor":31,"key":"Ice Cream"},{"floor":31,"key":"Darkstone Periapt"}],"event_choices":[{"damage_healed":0.0,"max_hp_gain":5.0,"max_hp_loss":0.0,"gold_gain":0.0,"event_name":"Big Fish","player_choice":"Donut","floor":5.0,"gold_loss":0.0,"damage_taken":0.0},{"cards_removed":["Strike_G"],"damage_healed":0,"gold_gain":0,"player_choice":"Forget","damage_taken":0,"max_hp_gain":0,"max_hp_loss":0,"event_name":"Living Wall","floor":13,"gold_loss":0},{"damage_healed":0,"gold_gain":0,"player_choice":"Forge","damage_taken":0,"max_hp_gain":0,"max_hp_loss":0,"event_name":"Accursed Blacksmith","floor":20,"gold_loss":0,"cards_upgraded":["After Image"]},{"damage_healed":0,"gold_gain":0,"player_choice":"Ignored","damage_taken":0,"max_hp_gain":0,"max_hp_loss":0,"event_name":"The Mausoleum","floor":27,"gold_loss":0},{"damage_healed":0,"gold_gain":0,"player_choice":"Fight","damage_taken":0,"max_hp_gain":0,"max_hp_loss":0,"event_name":"Colosseum","floor":31,"gold_loss":0},{"damage_healed":0,"gold_gain":0,"player_choice":"Fought Nobs","damage_taken":0,"max_hp_gain":0,"max_hp_loss":0,"event_name":"Colosseum","floor":31,"gold_loss":0},{"damage_healed":0,"gold_gain":0,"player_choice":"Max HP","damage_taken":0,"max_hp_gain":0,"max_hp_loss":4,"event_name":"Winding Halls","floor":37,"gold_loss":0},{"cards_removed":["Strike_G"],"damage_healed":0,"gold_gain":0,"player_choice":"Upgrade and Remove","damage_taken":0,"max_hp_gain":0,"max_hp_loss":0,"event_name":"Designer","floor":39,"gold_loss":110,"cards_upgraded":["Prepared"]}],"is_beta":false,"boss_relics":[{"not_picked":["Snecko Eye","Black Star"],"picked":"Coffee Dripper"},{"not_picked":["Empty Cage","Sozu"],"picked":"Fusion Hammer"}],"items_purged_floors":[14,19],"is_endless":false,"potions_floor_spawned":[7,12,16,18,24,29,31,31,35,36],"killed_by":"Reptomancer","ascension_level":20}