{"gold_per_floor":[362,375,26,39,39,66,66,83,129,149,184,184,19,47,47,122,122,139,156,169,184,184,234,66,91,116,151,151,182,182,215,215,288,288,307,356,356,366,383,383,413,413,439,439,215,244,244,277,277,277,277],"floor_reached":51,"playtime":3812,"items_purged":["Defend_G","Strike_G+1","Strike_G+1"],"score":1568,"play_id":"2c32a44d-a084-460f-9412-f24a8c619676","local_time":"20231226191626","is_ascension_mode":true,"campfire_choices":[{"floor":7.0,"key":"REST"},{"floor":12,"key":"REST"},{"data":"Blade Dance","floor":15,"key":"SMITH"},{"floor":28,"key":"REST"},{"floor":30,"key":"RECALL"},{"floor":32,"key":"REST"},{"floor":40,"key":"REST"},{"floor":42,"key":"REST"},{"floor":44,"key":"REST"},{"floor":47,"key":"REST"},{"floor":49,"key":"REST"}],"neow_cost":"PERCENT_DAMAGE","seed_source_timestamp":1152163618719300,"circlet_count":0,"master_deck":["AscendersBane","Strike_G+1","Strike_G+1","Defend_G+1","Defend_G+1","Defend_G+1","Defend_G+1","Survivor+1","Neutralize+1","Blade Dance+1","PiercingWail","Underhanded Strike","Acrobatics","Finisher","Underhanded Strike","Well Laid Plans+1","Wraith Form v2+1","Adrenaline+1","Well Laid Plans+1","Venomology","Acrobatics","Blade Dance","Night Terror","Madness","Madness","Acrobatics+1","Acrobatics+1","PiercingWail"],"special_seed":0,"relics":["Ring of the Snake","Whetstone","Frozen Egg 2","Nunchaku","Ancient Tea Set","Membership Card","Mango","Fusion Hammer","War Paint","Meat on the Bone","Lantern","Snake Skull","Red Mask","Dream Catcher","HoveringKite","Calipers","Akabeko","ClockworkSouvenir","Art of War","Regal Pillow","White Beast Statue"],"potions_floor_usage":[14,16,25,27,27,31,33,35,36,38,39,41,46,48,51],"damage_taken":[{"damage":9.0,"enemies":"Jaw Worm","floor":1.0,"turns":8.0},{"damage":0.0,"enemies":"Cultist","floor":2.0,"turns":3.0},{"damage":0.0,"enemies":"2 Louse","floor":4.0,"turns":3.0},{"damage":33.0,"enemies":"Gremlin Nob","floor":6.0,"turns":4.0},{"damage":0,"enemies":"Looter","floor":8,"turns":1},{"damage":0,"enemies":"Blue Slaver","floor":10,"turns":4},{"damage":10,"enemies":"Lagavulin","floor":11,"turns":5},{"damage":10,"enemies":"Gremlin Nob","floor":14,"turns":3},{"damage":4,"enemies":"Hexaghost","floor":16,"turns":8},{"damage":0,"enemies":"Spheric Guardian","floor":18,"turns":3},{"damage":1,"enemies":"Chosen","floor":19,"turns":3},{"damage":9,"enemies":"Centurion and Healer","floor":20,"turns":5},{"damage":3,"enemies":"3 Cultists","floor":21,"turns":5},{"damage":8,"enemies":"Book of Stabbing","floor":25,"turns":4},{"damage":23,"enemies":"Gremlin Leader","floor":27,"turns":7},{"damage":0,"enemies":"Masked Bandits","floor":29,"turns":4},{"damage":1,"enemies":"Book of Stabbing","floor":31,"turns":5},{"damage":21,"enemies":"Champ","floor":33,"turns":14},{"damage":1,"enemies":"Orb Walker","floor":35,"turns":3},{"damage":20,"enemies":"2 Orb Walkers","floor":36,"turns":6},{"damage":1,"enemies":"3 Shapes","floor":38,"turns":7},{"damage":18,"enemies":"Maw","floor":39,"turns":10},{"damage":1,"enemies":"Reptomancer","floor":41,"turns":8},{"damage":1,"enemies":"Giant Head","floor":46,"turns":6},{"damage":3,"enemies":"Nemesis","floor":48,"turns":7},{"damage":29,"enemies":"Donu and Deca","floor":50,"turns":11},{"damage":101,"enemies":"Time Eater","floor":51,"turns":16}],"seed_played":"7218718182497557948","potions_obtained":[{"floor":4.0,"key":"Fire Potion"},{"floor":10,"key":"Weak Potion"},{"floor":11,"key":"SneckoOil"},{"floor":20,"key":"PowerPotion"},{"floor":25,"key":"Explosive Potion"},{"floor":27,"key":"CultistPotion"},{"floor":39,"key":"CunningPotion"}],"is_trial":false,"path_per_floor":["M","M","$","M","?","E","R","M","T","M","E","R","$","E","R","B",null,"M","M","M","M","?","?","$","E","T","E","R","?","R","E","R","B",null,"M","?","?","M","M","R","E","R","T","R","$","E","R","E","R","B","B"],"character_chosen":"THE_SILENT","items_purchased":["Whetstone","Underhanded Strike","SkillPotion","Membership Card","War Paint","Well Laid Plans+1","ClockworkSouvenir","Art of War"],"campfire_rested":9,"item_purchase_floors":[3,3,3,13,24,24,45,45],"current_hp_per_floor":[35,35,35,35,35,2,21,21,21,21,11,30,30,34,34,30,68,68,67,58,55,55,55,55,47,47,36,60,60,60,59,80,59,75,74,54,40,51,45,69,68,80,80,80,80,79,80,77,80,51,0],"gold":277,"neow_bonus":"TWO_FIFTY_GOLD","is_prod":false,"is_daily":false,"chose_seed":false,"campfire_upgraded":1,"win_rate":0,"timestamp":1703646986,"path_taken":["M","M","$","M","?","E","R","M","T","M","E","R","$","E","R","BOSS","M","M","M","M","?","?","$","E","T","E","R","?","R","E","R","BOSS","M","?","?","M","M","R","E","R","T","R","$","E","R","E","R","BOSS","BOSS"],"build_version":"2022-12-18","purchased_purges":3,"victory":false,"max_hp_per_floor":[66,66,66,66,66,66,66,66,66,66,66,66,66,80,80,80,80,80,80,80,80,80,80,80,80,80,80,80,80,80,80,80,80,80,80,80,80,80,80,80,80,80,80,80,80,80,80,80,80,80,80],"card_choices":[{"not_picked":["Underhanded Strike","PiercingWail"],"picked":"Blade Dance","floor":1.0},{"not_picked":["Concentrate","Blur"],"picked":"PiercingWail","floor":2.0},{"not_picked":["Cloak And Dagger","Underhanded Strike"],"picked":"Acrobatics","floor":4.0},{"not_picked":["Eviscerate","Adrenaline"],"picked":"Finisher","floor":6.0},{"not_picked":["PiercingWail","Dodge and Roll"],"picked":"Underhanded Strike","floor":8},{"not_picked":["Leg Sweep","Choke"],"picked":"Well Laid Plans+1","floor":10},{"not_picked":["Caltrops+1","Concentrate","Poisoned Stab"],"picked":"SKIP","floor":11},{"not_picked":["Skewer","Deflect","Choke"],"picked":"SKIP","floor":14},{"not_picked":["Corpse Explosion","Grand Finale"],"picked":"Wraith Form v2+1","floor":16},{"not_picked":["Sucker Punch","Poisoned Stab","Deadly Poison"],"picked":"SKIP","floor":18},{"not_picked":["Dagger Spray","Setup","Deflect"],"picked":"SKIP","floor":19},{"not_picked":["Accuracy+1","Prepared"],"picked":"Adrenaline","floor":20},{"not_picked":["Outmaneuver","Bane","Dagger Throw"],"picked":"SKIP","floor":21},{"not_picked":["Dagger Spray+1","Well Laid Plans+1"],"picked":"Venomology","floor":25},{"not_picked":["Escape Plan","Deadly Poison+1","Noxious Fumes+1"],"picked":"SKIP","floor":27},{"not_picked":["Backflip","Deflect+1"],"picked":"Acrobatics","floor":29},{"not_picked":["Sucker Punch","Dodge and Roll","Riddle With Holes"],"picked":"SKIP","floor":31},{"not_picked":["Outmaneuver","Deadly Poison+1"],"picked":"Blade Dance","floor":32},{"not_picked":["Envenom+1","Malaise"],"picked":"Night Terror","floor":33},{"not_picked":["Prepared","Cloak And Dagger+1","Flying Knee+1"],"picked":"SKIP","floor":35},{"not_picked":["Endless Agony","Flying Knee+1"],"picked":"Acrobatics+1","floor":38},{"not_picked":["Flechettes","Eviscerate","Bouncing Flask"],"picked":"SKIP","floor":39},{"not_picked":["Blur","Caltrops+1"],"picked":"Acrobatics+1","floor":40},{"not_picked":["PiercingWail","Prepared","Unload"],"picked":"SKIP","floor":41},{"not_picked":["Prepared","Unload"],"picked":"PiercingWail","floor":41},{"not_picked":["Blade Dance","Deadly Poison","Heel Hook"],"picked":"SKIP","floor":46},{"not_picked":["PiercingWail","Flechettes","Quick Slash+1"],"picked":"SKIP","floor":48}],"player_experience":1098021,"relics_obtained":[{"floor":6.0,"key":"Frozen Egg 2"},{"floor":9,"key":"Nunchaku"},{"floor":11,"key":"Ancient Tea Set"},{"floor":14,"key":"Mango"},{"floor":25,"key":"Meat on the Bone"},{"floor":26,"key":"Lantern"},{"floor":27,"key":"Snake Skull"},{"floor":29,"key":"Red Mask"},{"floor":31,"key":"Dream Catcher"},{"floor":36,"key":"Calipers"},{"floor":41,"key":"Akabeko"},{"floor":46,"key":"Regal Pillow"},{"floor":48,"key":"White Beast Statue"}],"event_choices":[{"cards_removed":["Strike_G"],"damage_healed":0.0,"max_hp_gain":0.0,"max_hp_loss":0.0,"gold_gain":0.0,"event_name":"Purifier","player_choice":"Purged","floor":5.0,"gold_loss":0.0,"damage_taken":0.0},{"damage_healed":0,"gold_gain":0,"player_choice":"Simplicity","damage_taken":0,"max_hp_gain":0,"max_hp_loss":0,"event_name":"Back to Basics","floor":22,"gold_loss":0,"cards_upgraded":["Strike_G","Strike_G","Strike_G","Defend_G","Defend_G","Defend_G","Defend_G"]},{"damage_healed":0,"gold_gain":50,"player_choice":"Stole From Cult","damage_taken":0,"max_hp_gain":0,"max_hp_loss":0,"event_name":"Nest","floor":23,"gold_loss":0},{"damage_healed":0,"gold_gain":0,"player_choice":"Fought Bandits","damage_taken":0,"max_hp_gain":0,"max_hp_loss":0,"event_name":"Masked Bandits","floor":29,"gold_loss":0},{"damage_healed":0,"gold_gain":0,"player_choice":"Fight","damage_taken":0,"max_hp_gain":0,"max_hp_loss":0,"event_name":"Mysterious Sphere","floor":36,"gold_loss":0},{"damage_healed":0,"gold_gain":0,"player_choice":"Embrace Madness","damage_taken":14,"max_hp_gain":0,"max_hp_loss":0,"event_name":"Winding Halls","floor":37,"gold_loss":0,"cards_obtained":["Madness","Madness"]}],"is_beta":false,"boss_relics":[{"not_picked":["WristBlade","Busted Crown"],"picked":"Fusion Hammer"},{"not_picked":["Runic Dome","Empty Cage"],"picked":"HoveringKite"}],"items_purged_floors":[3,24,45],"is_endless":false,"potions_floor_spawned":[4,10,11,20,25,27,29,35,38,39,48],"killed_by":"Time Eater","ascension_level":20}