{"gold_per_floor":[110,110,121,35,47,74,74,108,135,147,147,172,189,207,207,285,285,262,275,303,173,188,188,222,222,222,253,253],"floor_reached":28,"playtime":1388,"items_purged":["Writhe"],"score":556,"play_id":"bb33397f-746f-44d0-be86-62ccc8a8704b","local_time":"20231229042342","is_ascension_mode":true,"campfire_choices":[{"data":"Deadly Poison","floor":7,"key":"SMITH"},{"floor":11,"key":"REST"},{"floor":15,"key":"REST"},{"data":"Phantasmal Killer","floor":23,"key":"SMITH"},{"data":"Adrenaline","floor":25,"key":"SMITH"}],"neow_cost":"CURSE","seed_source_timestamp":1360270829877300,"circlet_count":0,"master_deck":["AscendersBane","Strike_G","Strike_G","Strike_G","Strike_G","Strike_G","Defend_G","Defend_G","Defend_G","Defend_G","Defend_G","Survivor","Neutralize","Dagger Spray","Deadly Poison+1","Leg Sweep","Predator","Footwork","Backflip","Well Laid Plans","Phantasmal Killer+1","Blade Dance","PiercingWail","Adrenaline+1","Cloak And Dagger"],"relics":["Ring of the Snake","Lizard Tail","Bag of Marbles","Happy Flower","Shuriken","Vajra","Dream Catcher","Runic Pyramid","Red Mask","Blue Candle","Ancient Tea Set","Singing Bowl"],"potions_floor_usage":[6,6,12,16,19,24,28],"damage_taken":[{"damage":2,"enemies":"Small Slimes","floor":1,"turns":5},{"damage":3,"enemies":"Cultist","floor":3,"turns":4},{"damage":2,"enemies":"Jaw Worm","floor":5,"turns":4},{"damage":2,"enemies":"3 Sentries","floor":6,"turns":8},{"damage":45,"enemies":"Gremlin Nob","floor":8,"turns":5},{"damage":2,"enemies":"2 Fungi Beasts","floor":10,"turns":3},{"damage":19,"enemies":"3 Sentries","floor":12,"turns":8},{"damage":0,"enemies":"3 Louse","floor":13,"turns":4},{"damage":0,"enemies":"Exordium Wildlife","floor":14,"turns":3},{"damage":15,"enemies":"Hexaghost","floor":16,"turns":10},{"damage":8,"enemies":"2 Thieves","floor":18,"turns":4},{"damage":11,"enemies":"Spheric Guardian","floor":19,"turns":3},{"damage":39,"enemies":"Masked Bandits","floor":20,"turns":6},{"damage":1,"enemies":"Centurion and Healer","floor":22,"turns":7},{"damage":6,"enemies":"Gremlin Leader","floor":24,"turns":6},{"damage":50,"enemies":"Slavers","floor":27,"turns":9},{"damage":9,"enemies":"Cultist and Chosen","floor":28,"turns":5}],"seed_played":"5354928208495137752","potions_obtained":[{"floor":5,"key":"DistilledChaos"},{"floor":8,"key":"Dexterity Potion"},{"floor":14,"key":"SpeedPotion"},{"floor":16,"key":"Dexterity Potion"},{"floor":18,"key":"Swift Potion"},{"floor":20,"key":"FairyPotion"},{"floor":27,"key":"BlessingOfTheForge"}],"is_trial":false,"path_per_floor":["M","?","M","$","M","E","R","E","T","M","R","E","M","M","R","B",null,"M","M","?","$","M","R","E","R","T","E","M"],"character_chosen":"THE_SILENT","items_purchased":["Deadly Poison","Fire Potion","PiercingWail"],"campfire_rested":2,"item_purchase_floors":[4,4,21],"current_hp_per_floor":[57,57,54,54,52,50,50,5,5,3,22,3,3,3,22,7,51,43,32,30,30,29,29,23,23,23,3,0],"gold":253,"neow_bonus":"ONE_RARE_RELIC","is_prod":false,"is_daily":false,"chose_seed":false,"campfire_upgraded":3,"win_rate":0,"timestamp":1703852622,"path_taken":["M","?","M","$","M","E","R","E","T","?","R","E","M","M","R","BOSS","M","M","?","$","M","R","E","R","T","E","M"],"build_version":"2022-12-18","purchased_purges":1,"victory":false,"max_hp_per_floor":[66,66,66,66,66,66,66,66,66,66,66,66,66,66,66,66,66,66,66,66,66,66,66,66,66,66,68,68],"card_choices":[{"not_picked":["Cloak And Dagger","Finisher"],"picked":"All Out Attack","floor":1},{"not_picked":["Outmaneuver","Concentrate"],"picked":"Dagger Spray","floor":3},{"not_picked":["Dagger Spray","Heel Hook"],"picked":"Leg Sweep","floor":5},{"not_picked":["Cloak And Dagger","Caltrops","Dagger Spray"],"picked":"SKIP","floor":6},{"not_picked":["Leg Sweep","Catalyst"],"picked":"Predator","floor":8},{"not_picked":["Prepared","Concentrate"],"picked":"Footwork","floor":10},{"not_picked":["Leg Sweep","Bane"],"picked":"Backflip","floor":12},{"not_picked":["Outmaneuver","All Out Attack","PiercingWail"],"picked":"SKIP","floor":13},{"not_picked":["Outmaneuver","Skewer","Quick Slash"],"picked":"SKIP","floor":14},{"not_picked":["Bane","Slice"],"picked":"Well Laid Plans","floor":15},{"not_picked":["Envenom","Grand Finale"],"picked":"Phantasmal Killer","floor":16},{"not_picked":["Finisher","Reflex","Blur"],"picked":"SKIP","floor":18},{"not_picked":["Sucker Punch","Infinite Blades"],"picked":"Blade Dance","floor":19},{"not_picked":["Deflect","Bane"],"picked":"Adrenaline","floor":22},{"not_picked":["Bouncing Flask","Outmaneuver"],"picked":"Cloak And Dagger","floor":24},{"not_picked":["Accuracy","Flying Knee","Deflect"],"picked":"Singing Bowl","floor":27}],"player_experience":1124945,"relics_obtained":[{"floor":6,"key":"Happy Flower"},{"floor":8,"key":"Shuriken"},{"floor":9,"key":"Vajra"},{"floor":12,"key":"Dream Catcher"},{"floor":20,"key":"Red Mask"},{"floor":24,"key":"Blue Candle"},{"floor":26,"key":"Ancient Tea Set"},{"floor":27,"key":"Singing Bowl"}],"event_choices":[{"cards_removed":["All Out Attack"],"damage_healed":0,"gold_gain":0,"player_choice":"Gave Card","damage_taken":0,"relics_obtained":["Bag of Marbles"],"max_hp_gain":0,"max_hp_loss":0,"event_name":"WeMeetAgain","floor":2,"gold_loss":0},{"damage_healed":0,"gold_gain":0,"player_choice":"Fought Bandits","damage_taken":0,"max_hp_gain":0,"max_hp_loss":0,"event_name":"Masked Bandits","floor":20,"gold_loss":0}],"is_beta":false,"boss_relics":[{"not_picked":["Black Star","Sozu"],"picked":"Runic Pyramid"}],"items_purged_floors":[21],"is_endless":false,"potions_floor_spawned":[5,8,14,16,18,20,27],"killed_by":"Cultist and Chosen","ascension_level":20}