{"gold_per_floor":[363,381,381,394,12,12,47,66,92,107,132,132],"floor_reached":12,"playtime":534,"items_purged":["Parasite"],"score":180,"play_id":"d28ade2c-50ae-4291-8360-9da5223ca02a","local_time":"20231229052222","is_ascension_mode":true,"campfire_choices":[{"data":"Endless Agony","floor":6,"key":"SMITH"}],"neow_cost":"CURSE","seed_source_timestamp":1364645969083400,"circlet_count":0,"master_deck":["AscendersBane","Strike_G","Strike_G+1","Strike_G","Strike_G","Strike_G","Defend_G","Defend_G","Defend_G","Defend_G","Defend_G","Survivor","Neutralize","Endless Agony+1","Underhanded Strike+1","Flying Knee","Terror","Crippling Poison","Deadly Poison","Noxious Fumes","Backstab","Blade Dance","Blade Dance"],"relics":["Ring of the Snake","Vajra","Tiny Chest","Dream Catcher","Whetstone"],"potions_floor_usage":[7,8,11],"damage_taken":[{"damage":3,"enemies":"Jaw Worm","floor":1,"turns":5},{"damage":6,"enemies":"Cultist","floor":2,"turns":5},{"damage":1,"enemies":"Small Slimes","floor":4,"turns":3},{"damage":1,"enemies":"Gremlin Nob","floor":7,"turns":3},{"damage":22,"enemies":"Exordium Thugs","floor":8,"turns":7},{"damage":2,"enemies":"3 Louse","floor":10,"turns":3},{"damage":12,"enemies":"3 Sentries","floor":11,"turns":6},{"damage":20,"enemies":"Large Slime","floor":12,"turns":3}],"seed_played":"1582445052688236261","potions_obtained":[{"floor":2,"key":"Swift Potion"},{"floor":4,"key":"SkillPotion"},{"floor":10,"key":"BlessingOfTheForge"}],"is_trial":false,"path_per_floor":["M","M","?","M","$","R","E","M","T","M","E","M"],"character_chosen":"THE_SILENT","items_purchased":["Vajra","AttackPotion","Crippling Poison","Deadly Poison"],"campfire_rested":0,"item_purchase_floors":[5,5,5,5],"current_hp_per_floor":[56,50,50,49,49,49,48,26,26,24,12,0],"gold":132,"neow_bonus":"TWO_FIFTY_GOLD","is_prod":false,"is_daily":false,"chose_seed":false,"campfire_upgraded":1,"win_rate":0,"timestamp":1703856142,"path_taken":["M","M","?","M","$","R","E","M","T","M","E","M"],"build_version":"2022-12-18","purchased_purges":1,"victory":false,"max_hp_per_floor":[66,66,66,66,63,63,63,63,63,63,63,63],"card_choices":[{"not_picked":["Concentrate","Masterful Stab"],"picked":"Endless Agony","floor":1},{"not_picked":["Prepared","Sucker Punch"],"picked":"Underhanded Strike","floor":2},{"not_picked":["Acrobatics","Dagger Spray"],"picked":"Terror","floor":4},{"not_picked":["Setup","Blur"],"picked":"Noxious Fumes","floor":7},{"not_picked":["Terror","Bouncing Flask"],"picked":"Backstab","floor":8},{"not_picked":["Slice","Caltrops"],"picked":"Blade Dance","floor":10},{"not_picked":["Cloak And Dagger","Flying Knee"],"picked":"Blade Dance","floor":11}],"player_experience":1129123,"relics_obtained":[{"floor":7,"key":"Tiny Chest"},{"floor":9,"key":"Dream Catcher"},{"floor":11,"key":"Whetstone"}],"event_choices":[{"damage_healed":0,"gold_gain":0,"player_choice":"1 cards matched","damage_taken":0,"max_hp_gain":0,"max_hp_loss":0,"event_name":"Match and Keep!","floor":3,"gold_loss":0,"cards_obtained":["Flying Knee"]}],"is_beta":false,"boss_relics":[],"items_purged_floors":[5],"is_endless":false,"potions_floor_spawned":[2,4,10],"killed_by":"Large Slime","ascension_level":20}