{"gold_per_floor":[359,83,96,116,135,135,168,168,168,182,193,193,193,223,223,300,300,250,264,5,23,23,51,51,86,109,125,125,136,61,61,61,140,140,158,174,74,85,85,85,98,125,152,205,205,80,111,127,127,127,127,127,127,73,100,100],"floor_reached":57,"playtime":3630,"items_purged":["Strike_G","Strike_G","Strike_G"],"score":2874,"play_id":"c6aeb1dd-3c47-45d7-a7a1-73cbe95cae4b","local_time":"20240104231419","is_ascension_mode":true,"campfire_choices":[{"data":"Backstab","floor":6,"key":"SMITH"},{"data":"Dagger Throw","floor":8,"key":"SMITH"},{"data":"Catalyst","floor":12,"key":"SMITH"},{"data":"Acrobatics","floor":15,"key":"SMITH"},{"data":"Catalyst","floor":24,"key":"SMITH"},{"data":"Malaise","floor":28,"key":"SMITH"},{"data":"Burst","floor":32,"key":"SMITH"},{"floor":40,"key":"REST"},{"floor":45,"key":"RECALL"},{"floor":49,"key":"REST"},{"floor":53,"key":"REST"}],"neow_cost":"PERCENT_DAMAGE","seed_source_timestamp":1944281377411500,"circlet_count":0,"master_deck":["AscendersBane","Defend_G","Defend_G","Defend_G","Defend_G","Defend_G","Survivor","Neutralize","Slice","Footwork","Dagger Throw+1","Acrobatics+1","Backstab+1","PiercingWail","After Image","Catalyst+1","Burst+1","Malaise+1","Footwork","Blade Dance","Catalyst+1","Poisoned Stab","Burst","Acrobatics","Acrobatics","Adrenaline","Well Laid Plans+1","Deflect+1","PanicButton","Acrobatics","Acrobatics+1"],"relics":["Ring of the Snake","TwistedFunnel","Happy Flower","Pantograph","Eternal Feather","SlaversCollar","OrangePellets","Tiny Chest","Kunai","Snake Skull","Fusion Hammer","Toy Ornithopter","Bag of Marbles","Question Card","Bottled Flame"],"potions_floor_usage":[7,14,16,16,23,25,33,50,55,56],"damage_taken":[{"damage":7,"enemies":"Cultist","floor":1,"turns":5},{"damage":9,"enemies":"Jaw Worm","floor":3,"turns":8},{"damage":0,"enemies":"Small Slimes","floor":4,"turns":3},{"damage":4,"enemies":"Looter","floor":5,"turns":3},{"damage":3,"enemies":"Gremlin Nob","floor":7,"turns":3},{"damage":0,"enemies":"3 Louse","floor":10,"turns":2},{"damage":0,"enemies":"2 Fungi Beasts","floor":11,"turns":3},{"damage":16,"enemies":"3 Sentries","floor":14,"turns":17},{"damage":33,"enemies":"Hexaghost","floor":16,"turns":10},{"damage":18,"enemies":"2 Thieves","floor":18,"turns":5},{"damage":13,"enemies":"Spheric Guardian","floor":19,"turns":16},{"damage":12,"enemies":"Shelled Parasite and Fungi","floor":21,"turns":7},{"damage":0,"enemies":"Gremlin Leader","floor":23,"turns":7},{"damage":29,"enemies":"Book of Stabbing","floor":25,"turns":6},{"damage":4,"enemies":"Snake Plant","floor":27,"turns":3},{"damage":6,"enemies":"Centurion and Healer","floor":29,"turns":5},{"damage":48,"enemies":"Automaton","floor":33,"turns":7},{"damage":16,"enemies":"3 Darklings","floor":35,"turns":12},{"damage":0,"enemies":"3 Shapes","floor":36,"turns":3},{"damage":0,"enemies":"Spire Growth","floor":38,"turns":2},{"damage":0,"enemies":"4 Shapes","floor":41,"turns":7},{"damage":0,"enemies":"Giant Head","floor":42,"turns":4},{"damage":0,"enemies":"Nemesis","floor":47,"turns":3},{"damage":5,"enemies":"Sphere and 2 Shapes","floor":48,"turns":6},{"damage":20,"enemies":"Donu and Deca","floor":50,"turns":13},{"damage":30,"enemies":"Awakened One","floor":51,"turns":14},{"damage":30,"enemies":"Shield and Spear","floor":55,"turns":10},{"damage":54,"enemies":"The Heart","floor":56,"turns":6}],"seed_played":"4399154162222519260","potions_obtained":[{"floor":3,"key":"Block Potion"},{"floor":4,"key":"Poison Potion"},{"floor":7,"key":"Fruit Juice"},{"floor":14,"key":"BlessingOfTheForge"},{"floor":18,"key":"Explosive Potion"},{"floor":23,"key":"FearPotion"},{"floor":27,"key":"FearPotion"},{"floor":35,"key":"Swift Potion"},{"floor":36,"key":"DuplicationPotion"}],"is_trial":false,"path_per_floor":["M","$","M","M","M","R","E","R","T","M","M","R","?","E","R","B",null,"M","M","$","M","?","E","R","E","T","M","R","M","?","?","R","B",null,"M","M","$","M","?","R","M","E","T","T","R","$","E","M","R","B","B",null,"R","$","E","B",null],"character_chosen":"THE_SILENT","items_purchased":["TwistedFunnel","Footwork","Catalyst","OrangePellets","Dexterity Potion"],"campfire_rested":3,"item_purchase_floors":[2,2,20,20,54],"current_hp_per_floor":[37,37,28,28,24,24,21,21,21,21,21,21,21,5,17,14,57,39,26,26,14,28,28,43,14,14,10,25,19,19,19,34,11,56,40,40,40,40,30,69,69,69,69,69,71,71,71,66,71,51,41,64,71,71,46,22],"gold":100,"neow_bonus":"TWO_FIFTY_GOLD","is_prod":false,"is_daily":false,"chose_seed":false,"campfire_upgraded":7,"win_rate":0,"timestamp":1704438859,"path_taken":["M","$","M","M","M","R","E","R","T","M","?","R","?","E","R","BOSS","M","M","$","M","?","E","R","E","T","M","R","M","?","?","R","BOSS","M","M","$","M","?","R","M","E","T","?","R","?","E","?","R","BOSS","BOSS","R","$","E","BOSS"],"build_version":"2022-12-18","purchased_purges":3,"victory":true,"max_hp_per_floor":[66,66,66,66,66,66,66,66,66,66,66,66,66,66,66,71,71,71,71,71,71,71,71,71,71,71,71,71,71,71,71,71,71,71,71,71,71,71,71,71,71,71,71,71,71,71,71,71,71,71,71,71,71,71,71,71],"card_choices":[{"not_picked":["Dagger Spray","Deflect"],"picked":"Slice","floor":1},{"not_picked":["PiercingWail","Reflex"],"picked":"Dagger Throw","floor":3},{"not_picked":["Accuracy","Quick Slash"],"picked":"Acrobatics","floor":4},{"not_picked":["Dagger Spray","Acrobatics"],"picked":"Backstab","floor":5},{"not_picked":["Cloak And Dagger","Masterful Stab"],"picked":"PiercingWail","floor":7},{"not_picked":["Skewer","Concentrate"],"picked":"After Image","floor":10},{"not_picked":["Acrobatics","Prepared"],"picked":"Catalyst","floor":11},{"not_picked":["Slice","Bane"],"picked":"Burst","floor":14},{"not_picked":["Envenom","Doppelganger"],"picked":"Malaise","floor":16},{"not_picked":["Blur","Quick Slash"],"picked":"Footwork","floor":18},{"not_picked":["Sucker Punch","Predator"],"picked":"Blade Dance","floor":19},{"not_picked":["Dodge and Roll","Flying Knee"],"picked":"Poisoned Stab","floor":21},{"not_picked":["Slice","Cloak And Dagger","Dash"],"picked":"SKIP","floor":23},{"not_picked":["Setup","Slice"],"picked":"Burst","floor":25},{"not_picked":["Deflect","Flying Knee"],"picked":"Acrobatics","floor":27},{"not_picked":["Backflip","PiercingWail"],"picked":"Acrobatics","floor":29},{"not_picked":["Bullet Time","Phantasmal Killer"],"picked":"Adrenaline","floor":33},{"not_picked":["Deadly Poison+1","Dagger Spray"],"picked":"Well Laid Plans+1","floor":35},{"not_picked":["PiercingWail","Concentrate","Well Laid Plans"],"picked":"SKIP","floor":36},{"not_picked":["Endless Agony","Dash"],"picked":"Deflect+1","floor":38},{"not_picked":["Finesse","Bandage Up"],"picked":"PanicButton","floor":39},{"not_picked":["Deadly Poison","Caltrops+1"],"picked":"Acrobatics","floor":41},{"not_picked":["Infinite Blades","Slice+1","Bane"],"picked":"SKIP","floor":42},{"not_picked":["Predator","Deadly Poison"],"picked":"Acrobatics+1","floor":47},{"not_picked":["Sucker Punch","Distraction","Cloak And Dagger+1","Terror"],"picked":"SKIP","floor":48},{"not_picked":["Blur","Bane","All Out Attack","Tactician"],"picked":"SKIP","floor":55}],"player_experience":1181851,"relics_obtained":[{"floor":7,"key":"Happy Flower"},{"floor":9,"key":"Pantograph"},{"floor":14,"key":"Eternal Feather"},{"floor":23,"key":"Tiny Chest"},{"floor":25,"key":"Kunai"},{"floor":26,"key":"Snake Skull"},{"floor":42,"key":"Toy Ornithopter"},{"floor":44,"key":"Bag of Marbles"},{"floor":47,"key":"Question Card"},{"floor":55,"key":"Bottled Flame"}],"event_choices":[{"damage_healed":0,"gold_gain":0,"player_choice":"Fled","damage_taken":0,"max_hp_gain":0,"max_hp_loss":0,"event_name":"Scrap Ooze","floor":13,"gold_loss":0},{"damage_healed":14,"gold_gain":0,"player_choice":"Heal","damage_taken":0,"max_hp_gain":0,"max_hp_loss":0,"event_name":"The Library","floor":22,"gold_loss":0},{"cards_removed":["Strike_G"],"damage_healed":0,"gold_gain":0,"player_choice":"Gave Gold","damage_taken":0,"max_hp_gain":0,"max_hp_loss":0,"event_name":"Beggar","floor":30,"gold_loss":75},{"cards_removed":["Strike_G"],"damage_healed":0,"gold_gain":0,"player_choice":"Elegance","damage_taken":0,"max_hp_gain":0,"max_hp_loss":0,"event_name":"Back to Basics","floor":31,"gold_loss":0},{"damage_healed":0,"gold_gain":0,"player_choice":"Memory 3","damage_taken":10,"max_hp_gain":0,"max_hp_loss":0,"event_name":"SensoryStone","floor":39,"gold_loss":0}],"is_beta":false,"boss_relics":[{"not_picked":["Empty Cage","Ring of the Serpent"],"picked":"SlaversCollar"},{"not_picked":["Black Star","Runic Dome"],"picked":"Fusion Hammer"}],"items_purged_floors":[2,37,46],"is_endless":false,"potions_floor_spawned":[3,4,7,14,18,23,27,35,36,38,47,48],"ascension_level":20}