{"gold_per_floor":[111,36,50,70,82,82,115,115,115,115,129,163,163,173,173,250,250,265,26,46,65,65,65,76,109,109,109,129,155,170,170],"floor_reached":31,"playtime":1073,"items_purged":["Strike_G"],"score":578,"play_id":"cba848a9-93fb-43c2-b535-f6b930a6c28a","local_time":"20240104221324","is_ascension_mode":true,"campfire_choices":[{"data":"Dagger Spray","floor":6,"key":"SMITH"},{"data":"Blade Dance","floor":8,"key":"SMITH"},{"data":"Blade Dance","floor":10,"key":"SMITH"},{"data":"Neutralize","floor":15,"key":"SMITH"},{"data":"After Image","floor":23,"key":"SMITH"},{"data":"Catalyst","floor":27,"key":"SMITH"}],"neow_cost":"NONE","seed_source_timestamp":1943195203661700,"circlet_count":0,"master_deck":["AscendersBane","Survivor","Neutralize+1","Dagger Spray+1","Blade Dance+1","Slice","Bouncing Flask+1","Blade Dance+1","Glass Knife","After Image","Catalyst","Distraction","Storm of Steel","Malaise","Sucker Punch","Storm of Steel","Unload","Poisoned Stab","Finisher","After Image+1","PiercingWail","Catalyst+1","Night Terror","Deadly Poison+1","Leg Sweep"],"relics":["Ring of the Snake","NeowsBlessing","InkBottle","Ninja Scroll","Nunchaku","Pandora\u0027s Box","Membership Card","Frozen Egg 2","Molten Egg 2","Snake Skull"],"potions_floor_usage":[7,12,12,16,16,25,25,31],"damage_taken":[{"damage":0,"enemies":"Small Slimes","floor":1,"turns":1},{"damage":0,"enemies":"Cultist","floor":3,"turns":1},{"damage":0,"enemies":"2 Louse","floor":4,"turns":1},{"damage":12,"enemies":"Exordium Thugs","floor":5,"turns":5},{"damage":11,"enemies":"Gremlin Nob","floor":7,"turns":3},{"damage":0,"enemies":"3 Louse","floor":11,"turns":2},{"damage":12,"enemies":"Lagavulin","floor":12,"turns":5},{"damage":0,"enemies":"Large Slime","floor":14,"turns":3},{"damage":23,"enemies":"The Guardian","floor":16,"turns":8},{"damage":5,"enemies":"Shell Parasite","floor":18,"turns":3},{"damage":0,"enemies":"Chosen","floor":20,"turns":2},{"damage":1,"enemies":"Centurion and Healer","floor":21,"turns":4},{"damage":5,"enemies":"Snecko","floor":24,"turns":3},{"damage":3,"enemies":"Slavers","floor":25,"turns":4},{"damage":0,"enemies":"Chosen and Byrds","floor":28,"turns":2},{"damage":14,"enemies":"Gremlin Leader","floor":29,"turns":5},{"damage":6,"enemies":"Centurion and Healer","floor":30,"turns":4},{"damage":35,"enemies":"Slavers","floor":31,"turns":3}],"seed_played":"6746108835421124989","potions_obtained":[{"floor":1,"key":"Weak Potion"},{"floor":3,"key":"EntropicBrew"},{"floor":5,"key":"AttackPotion"},{"floor":7,"key":"PowerPotion"},{"floor":16,"key":"Explosive Potion"},{"floor":18,"key":"PowerPotion"},{"floor":21,"key":"Strength Potion"},{"floor":24,"key":"Regen Potion"},{"floor":29,"key":"DuplicationPotion"}],"is_trial":false,"path_per_floor":["M","$","M","M","M","R","E","R","T","R","M","E","?","M","R","B",null,"M","$","M","M","?","R","M","E","T","R","M","E","M","E"],"character_chosen":"THE_SILENT","items_purchased":["Membership Card","After Image"],"campfire_rested":0,"item_purchase_floors":[19,19],"current_hp_per_floor":[59,59,59,59,47,47,36,36,36,36,36,24,24,24,24,1,50,45,45,45,44,44,44,39,48,48,48,48,34,28,0],"gold":170,"neow_bonus":"THREE_ENEMY_KILL","is_prod":false,"is_daily":false,"chose_seed":false,"campfire_upgraded":6,"win_rate":0,"timestamp":1704435204,"path_taken":["M","$","M","M","M","R","E","R","T","R","M","E","?","M","R","BOSS","M","$","?","M","?","R","M","E","T","R","M","E","M","E"],"build_version":"2022-12-18","purchased_purges":1,"victory":false,"max_hp_per_floor":[66,66,66,66,66,66,66,66,66,66,66,66,66,66,66,66,66,66,66,66,66,66,66,66,66,66,66,66,66,66,66],"card_choices":[{"not_picked":["Expertise","Flying Knee"],"picked":"Dagger Spray","floor":1},{"not_picked":["Distraction","Finisher"],"picked":"Blade Dance","floor":3},{"not_picked":["Backflip","Dagger Spray"],"picked":"Slice","floor":4},{"not_picked":["Prepared","Bane"],"picked":"Bouncing Flask","floor":5},{"not_picked":["Finisher","Underhanded Strike"],"picked":"Blade Dance","floor":7},{"not_picked":["Flechettes","Masterful Stab","All Out Attack"],"picked":"SKIP","floor":11},{"not_picked":["Riddle With Holes","Flying Knee","Sucker Punch"],"picked":"SKIP","floor":12},{"not_picked":["Dodge and Roll","Flying Knee","Storm of Steel"],"picked":"SKIP","floor":14},{"not_picked":["Night Terror","Tools of the Trade"],"picked":"Glass Knife","floor":16},{"not_picked":["Infinite Blades","Outmaneuver"],"picked":"Finisher","floor":18},{"not_picked":["Poisoned Stab","Slice","Choke"],"picked":"SKIP","floor":20},{"not_picked":["Deflect","Dagger Spray","PiercingWail"],"picked":"SKIP","floor":21},{"not_picked":["Deflect","Dagger Spray"],"picked":"PiercingWail","floor":21},{"not_picked":["Deadly Poison","Reflex","Sucker Punch"],"picked":"SKIP","floor":24},{"not_picked":["Sucker Punch","PiercingWail"],"picked":"Night Terror","floor":25},{"not_picked":["Riddle With Holes+1","Footwork+1","Slice+1"],"picked":"SKIP","floor":28},{"not_picked":["Deadly Poison+1","Dagger Spray+1","Bane+1"],"picked":"SKIP","floor":29},{"not_picked":["Dagger Spray+1","Bane+1"],"picked":"Deadly Poison+1","floor":29},{"not_picked":["Predator+1","Caltrops+1"],"picked":"Leg Sweep","floor":30}],"player_experience":1180778,"relics_obtained":[{"floor":7,"key":"InkBottle"},{"floor":9,"key":"Ninja Scroll"},{"floor":12,"key":"Nunchaku"},{"floor":25,"key":"Frozen Egg 2"},{"floor":26,"key":"Molten Egg 2"},{"floor":29,"key":"Snake Skull"}],"event_choices":[{"damage_healed":0,"gold_gain":0,"player_choice":"Upgraded","damage_taken":0,"max_hp_gain":0,"max_hp_loss":0,"event_name":"Upgrade Shrine","floor":13,"gold_loss":0,"cards_upgraded":["Bouncing Flask"]},{"damage_healed":0,"gold_gain":0,"player_choice":"Read","damage_taken":0,"max_hp_gain":0,"max_hp_loss":0,"event_name":"The Library","floor":22,"gold_loss":0,"cards_obtained":["Catalyst"]}],"is_beta":false,"boss_relics":[{"not_picked":["HoveringKite","Sozu"],"picked":"Pandora\u0027s Box"}],"items_purged_floors":[2],"is_endless":false,"potions_floor_spawned":[1,3,5,7,12,16,18,21,24,29],"killed_by":"Slavers","ascension_level":20}