{"gold_per_floor":[15,32,49,64,75,102,102,177,177,157],"floor_reached":10,"playtime":446,"items_purged":[],"score":140,"play_id":"fc0409ee-77f6-4702-a6b6-f1de7b96763f","local_time":"20240104214526","is_ascension_mode":true,"campfire_choices":[{"data":"Glass Knife","floor":7,"key":"SMITH"}],"neow_cost":"NO_GOLD","seed_source_timestamp":1942147451277900,"circlet_count":0,"master_deck":["AscendersBane","Strike_G","Strike_G","Strike_G","Strike_G","Strike_G","Defend_G","Defend_G","Defend_G","Defend_G","Defend_G","Survivor","Neutralize","Glass Knife+1","Footwork","Calculated Gamble","Dagger Spray","Reflex","Poisoned Stab"],"relics":["Ring of the Snake","Bottled Lightning","Eternal Feather"],"potions_floor_usage":[6,6],"damage_taken":[{"damage":2,"enemies":"Cultist","floor":1,"turns":4},{"damage":0,"enemies":"2 Louse","floor":2,"turns":3},{"damage":0,"enemies":"Jaw Worm","floor":3,"turns":5},{"damage":11,"enemies":"Large Slime","floor":4,"turns":8},{"damage":0,"enemies":"2 Fungi Beasts","floor":5,"turns":4},{"damage":34,"enemies":"Lagavulin","floor":6,"turns":11},{"damage":11,"enemies":"Exordium Thugs","floor":10,"turns":1}],"seed_played":"-5487045854674328076","potions_obtained":[{"floor":1,"key":"Poison Potion"},{"floor":3,"key":"ColorlessPotion"}],"is_trial":false,"path_per_floor":["M","M","M","M","M","E","R","?","T","M"],"character_chosen":"THE_SILENT","items_purchased":[],"campfire_rested":0,"item_purchase_floors":[],"current_hp_per_floor":[57,57,57,46,46,12,12,1,1,0],"gold":157,"neow_bonus":"THREE_RARE_CARDS","is_prod":false,"is_daily":false,"chose_seed":false,"campfire_upgraded":1,"win_rate":0,"timestamp":1704433526,"path_taken":["M","M","M","?","M","E","R","?","T","M"],"build_version":"2022-12-18","purchased_purges":0,"victory":false,"max_hp_per_floor":[66,66,66,66,66,66,66,66,66,66],"card_choices":[{"not_picked":["Phantasmal Killer","Grand Finale"],"picked":"Glass Knife","floor":0},{"not_picked":["Masterful Stab","Bouncing Flask"],"picked":"Footwork","floor":1},{"not_picked":["Concentrate","Caltrops"],"picked":"Calculated Gamble","floor":2},{"not_picked":["Poisoned Stab","Acrobatics"],"picked":"Dagger Spray","floor":3},{"not_picked":["PiercingWail","Riddle With Holes"],"picked":"Reflex","floor":4},{"not_picked":["Caltrops","Riddle With Holes"],"picked":"Poisoned Stab","floor":5},{"not_picked":["Catalyst","Leg Sweep","Footwork"],"picked":"SKIP","floor":6}],"player_experience":1180332,"relics_obtained":[{"floor":6,"key":"Bottled Lightning"},{"floor":9,"key":"Eternal Feather"}],"event_choices":[{"damage_healed":0,"gold_gain":75,"player_choice":"Gather Gold","damage_taken":11,"max_hp_gain":0,"max_hp_loss":0,"event_name":"World of Goop","floor":8,"gold_loss":0}],"is_beta":false,"boss_relics":[],"items_purged_floors":[],"is_endless":false,"potions_floor_spawned":[1,3,5],"killed_by":"Exordium Thugs","ascension_level":20}