{"gold_per_floor":[109,129,148,17,36,62,76,76,101,118,118,128,147,173,173,249,249,264,69,69,69,80,106,106,123,123,154,154,154,185,205,205,205],"floor_reached":33,"playtime":2274,"items_purged":["Defend_G"],"score":663,"play_id":"26b341dc-37fb-49ec-9cda-8ff24c5638da","local_time":"20240104195706","is_ascension_mode":true,"campfire_choices":[{"data":"Blade Dance","floor":8,"key":"SMITH"},{"floor":11,"key":"REST"},{"data":"Well Laid Plans","floor":15,"key":"SMITH"},{"data":"Concentrate","floor":24,"key":"SMITH"},{"data":"Eviscerate","floor":32,"key":"SMITH"}],"neow_cost":"PERCENT_DAMAGE","seed_source_timestamp":1933810530071000,"circlet_count":0,"master_deck":["AscendersBane","Defend_G","Defend_G","Defend_G","Defend_G","Survivor","Neutralize","Prepared","Blade Dance+1","Well Laid Plans+1","Poisoned Stab","Dagger Throw","Blade Dance","Backflip","Venomology","Blade Dance","Bite","Bite","Bite","Bite","Bite","Concentrate+1","Eviscerate+1","PiercingWail"],"relics":["Ring of the Snake","Tough Bandages","HornCleat","Potion Belt","Orichalcum","Runic Pyramid","Sling","MealTicket","Mummified Hand","Bottled Flame","Centennial Puzzle"],"potions_floor_usage":[4,6,10,14,16,18,23,25,27,27,30,30,30,31,33],"damage_taken":[{"damage":1,"enemies":"Cultist","floor":1,"turns":4},{"damage":0,"enemies":"2 Louse","floor":2,"turns":4},{"damage":0,"enemies":"Small Slimes","floor":3,"turns":4},{"damage":1,"enemies":"Looter","floor":5,"turns":4},{"damage":20,"enemies":"3 Sentries","floor":6,"turns":9},{"damage":0,"enemies":"2 Fungi Beasts","floor":7,"turns":3},{"damage":0,"enemies":"Large Slime","floor":10,"turns":2},{"damage":1,"enemies":"Blue Slaver","floor":12,"turns":3},{"damage":7,"enemies":"3 Louse","floor":13,"turns":4},{"damage":7,"enemies":"Gremlin Nob","floor":14,"turns":4},{"damage":7,"enemies":"The Guardian","floor":16,"turns":17},{"damage":3,"enemies":"2 Thieves","floor":18,"turns":5},{"damage":10,"enemies":"Chosen","floor":22,"turns":5},{"damage":8,"enemies":"Gremlin Leader","floor":23,"turns":7},{"damage":7,"enemies":"Centurion and Healer","floor":25,"turns":8},{"damage":29,"enemies":"Book of Stabbing","floor":27,"turns":5},{"damage":20,"enemies":"Slavers","floor":30,"turns":8},{"damage":6,"enemies":"Snake Plant","floor":31,"turns":6},{"damage":30,"enemies":"Champ","floor":33,"turns":13}],"seed_played":"-383638377023489465","potions_obtained":[{"floor":2,"key":"Fruit Juice"},{"floor":3,"key":"Fire Potion"},{"floor":7,"key":"Dexterity Potion"},{"floor":13,"key":"ColorlessPotion"},{"floor":14,"key":"LiquidBronze"},{"floor":16,"key":"DuplicationPotion"},{"floor":18,"key":"Weak Potion"},{"floor":25,"key":"Fire Potion"}],"is_trial":false,"path_per_floor":["M","M","M","$","M","E","M","R","T","M","R","M","M","E","R","B",null,"M","$","?","?","M","E","R","M","T","E","?","?","E","M","R","B"],"character_chosen":"THE_SILENT","items_purchased":["AttackPotion","Sling","Blade Dance"],"campfire_rested":1,"item_purchase_floors":[4,19,19],"current_hp_per_floor":[43,43,43,48,47,27,27,27,27,27,48,47,40,33,33,26,60,57,57,57,49,44,49,49,48,48,24,24,12,10,14,14,14],"gold":205,"neow_bonus":"ONE_RARE_RELIC","is_prod":false,"is_daily":false,"chose_seed":false,"campfire_upgraded":4,"win_rate":0,"timestamp":1704427026,"path_taken":["M","?","M","$","M","E","M","R","T","M","R","M","M","E","R","BOSS","M","$","?","?","M","E","R","M","T","E","?","?","E","M","R","BOSS"],"build_version":"2022-12-18","purchased_purges":1,"victory":false,"max_hp_per_floor":[66,66,66,71,71,71,71,71,71,71,71,71,71,71,71,71,71,71,71,71,49,49,49,49,49,49,49,49,54,54,54,54,54],"card_choices":[{"not_picked":["Cloak And Dagger","Deflect"],"picked":"Prepared","floor":1},{"not_picked":["Deflect","Dagger Spray"],"picked":"Blade Dance","floor":2},{"not_picked":["Bane","Concentrate","Expertise"],"picked":"SKIP","floor":3},{"not_picked":["PiercingWail","Choke"],"picked":"Well Laid Plans","floor":5},{"not_picked":["Riddle With Holes","Quick Slash"],"picked":"Poisoned Stab","floor":6},{"not_picked":["Quick Slash","Tactician"],"picked":"Dagger Throw","floor":7},{"not_picked":["Sucker Punch","Quick Slash"],"picked":"Blade Dance","floor":10},{"not_picked":["Sucker Punch","A Thousand Cuts"],"picked":"Backflip","floor":12},{"not_picked":["Dagger Throw","Well Laid Plans","Dagger Spray"],"picked":"SKIP","floor":13},{"not_picked":["Cloak And Dagger","Sucker Punch","Deadly Poison"],"picked":"SKIP","floor":14},{"not_picked":["After Image","Malaise"],"picked":"Venomology","floor":16},{"not_picked":["Well Laid Plans","Poisoned Stab","Dodge and Roll"],"picked":"SKIP","floor":18},{"not_picked":["Dagger Throw","Dodge and Roll","Flying Knee"],"picked":"SKIP","floor":22},{"not_picked":["Slice","Unload"],"picked":"Concentrate","floor":23},{"not_picked":["Backflip","Skewer"],"picked":"Eviscerate","floor":25},{"not_picked":["Expertise","Dodge and Roll+1"],"picked":"PiercingWail","floor":27},{"not_picked":["Corpse Explosion","Flying Knee","Quick Slash"],"picked":"SKIP","floor":30},{"not_picked":["Bane+1","PiercingWail+1","Masterful Stab"],"picked":"SKIP","floor":31}],"player_experience":1172898,"relics_obtained":[{"floor":6,"key":"HornCleat"},{"floor":9,"key":"Potion Belt"},{"floor":14,"key":"Orichalcum"},{"floor":23,"key":"MealTicket"},{"floor":26,"key":"Mummified Hand"},{"floor":27,"key":"Bottled Flame"},{"floor":30,"key":"Centennial Puzzle"}],"event_choices":[{"damage_healed":0,"gold_gain":0,"player_choice":"Ignored","damage_taken":0,"max_hp_gain":0,"max_hp_loss":0,"event_name":"The Mausoleum","floor":20,"gold_loss":0},{"damage_healed":0,"gold_gain":0,"player_choice":"Became a vampire","damage_taken":0,"max_hp_gain":0,"max_hp_loss":22,"event_name":"Vampires","floor":21,"gold_loss":0,"cards_obtained":["Bite","Bite","Bite","Bite","Bite"]},{"damage_healed":0,"gold_gain":0,"player_choice":"Ignored","damage_taken":0,"max_hp_gain":0,"max_hp_loss":0,"event_name":"Cursed Tome","floor":28,"gold_loss":0},{"damage_healed":0,"gold_gain":0,"player_choice":"Shed Blood","damage_taken":17,"max_hp_gain":5,"max_hp_loss":0,"event_name":"Forgotten Altar","floor":29,"gold_loss":0}],"is_beta":false,"boss_relics":[{"not_picked":["Astrolabe","Coffee Dripper"],"picked":"Runic Pyramid"}],"items_purged_floors":[4],"is_endless":false,"potions_floor_spawned":[2,3,7,13,14,16,18,25],"killed_by":"Champ","ascension_level":20}