{"gold_per_floor":[109,109,120,139,152,185,203,231,256,268,280,325,351,374,386,398],"floor_reached":16,"playtime":530,"items_purged":[],"score":248,"play_id":"a0641704-9b3c-49ec-aa07-fa698afe7a78","local_time":"20240104210838","is_ascension_mode":true,"campfire_choices":[{"data":"Backstab","floor":10,"key":"SMITH"},{"data":"Blade Dance","floor":15,"key":"SMITH"}],"neow_cost":"NONE","seed_source_timestamp":1939853402005800,"circlet_count":0,"master_deck":["AscendersBane","Strike_G","Strike_G","Strike_G","Strike_G","Strike_G","Defend_G","Defend_G","Defend_G","Defend_G","Defend_G","Survivor","Neutralize","Sucker Punch","Dagger Throw","Dash","Blade Dance+1","PiercingWail","Terror","Backstab+1","Leg Sweep"],"relics":["Ring of the Snake","Akabeko","Bag of Marbles","Sundial","MawBank","Anchor"],"potions_floor_usage":[6,8,11,16,16],"damage_taken":[{"damage":8,"enemies":"Jaw Worm","floor":1,"turns":7},{"damage":0,"enemies":"2 Louse","floor":3,"turns":3},{"damage":0,"enemies":"Cultist","floor":4,"turns":3},{"damage":9,"enemies":"Exordium Thugs","floor":5,"turns":5},{"damage":15,"enemies":"Lagavulin","floor":6,"turns":4},{"damage":10,"enemies":"Large Slime","floor":7,"turns":5},{"damage":6,"enemies":"Gremlin Nob","floor":8,"turns":3},{"damage":12,"enemies":"Lagavulin","floor":12,"turns":5},{"damage":0,"enemies":"Red Slaver","floor":13,"turns":1},{"damage":0,"enemies":"Exordium Thugs","floor":14,"turns":2},{"damage":24,"enemies":"Hexaghost","floor":16,"turns":9}],"seed_played":"7626911501390112678","potions_obtained":[{"floor":1,"key":"Regen Potion"},{"floor":5,"key":"Strength Potion"},{"floor":7,"key":"Poison Potion"},{"floor":11,"key":"Fruit Juice"},{"floor":11,"key":"SneckoOil"},{"floor":12,"key":"Swift Potion"}],"is_trial":false,"path_per_floor":["M","?","M","M","M","E","M","E","T","R","?","E","M","M","R","B"],"character_chosen":"THE_SILENT","items_purchased":[],"campfire_rested":0,"item_purchase_floors":[],"current_hp_per_floor":[51,56,56,56,47,32,22,16,16,16,21,9,9,9,9,0],"gold":398,"neow_bonus":"RANDOM_COMMON_RELIC","is_prod":false,"is_daily":false,"chose_seed":false,"campfire_upgraded":2,"win_rate":0,"timestamp":1704431318,"path_taken":["M","?","M","M","M","E","M","E","T","R","?","E","?","M","R","BOSS"],"build_version":"2022-12-18","purchased_purges":0,"victory":false,"max_hp_per_floor":[66,71,71,71,71,71,71,71,71,71,76,76,76,76,76,76],"card_choices":[{"not_picked":["Leg Sweep","Bane"],"picked":"Sucker Punch","floor":1},{"not_picked":["Sucker Punch","Bane"],"picked":"Dagger Throw","floor":3},{"not_picked":["Sucker Punch","Footwork"],"picked":"Dash","floor":4},{"not_picked":["Deflect","Accuracy"],"picked":"Blade Dance","floor":5},{"not_picked":["Cloak And Dagger","Expertise"],"picked":"PiercingWail","floor":6},{"not_picked":["Skewer","Dash"],"picked":"Terror","floor":7},{"not_picked":["Flying Knee","Dagger Spray"],"picked":"Backstab","floor":8},{"not_picked":["Bullet Time","Dagger Spray"],"picked":"Leg Sweep","floor":12},{"not_picked":["Deadly Poison","Poisoned Stab","Bane"],"picked":"SKIP","floor":13},{"not_picked":["Bane","Cloak And Dagger","PiercingWail"],"picked":"SKIP","floor":14}],"player_experience":1178752,"relics_obtained":[{"floor":6,"key":"Bag of Marbles"},{"floor":8,"key":"Sundial"},{"floor":9,"key":"MawBank"},{"floor":12,"key":"Anchor"}],"event_choices":[{"damage_healed":0,"gold_gain":0,"player_choice":"Donut","damage_taken":0,"max_hp_gain":5,"max_hp_loss":0,"event_name":"Big Fish","floor":2,"gold_loss":0},{"damage_healed":0,"gold_gain":0,"player_choice":"Got Potions","damage_taken":0,"max_hp_gain":0,"max_hp_loss":0,"event_name":"Lab","floor":11,"gold_loss":0}],"is_beta":false,"boss_relics":[],"items_purged_floors":[],"is_endless":false,"potions_floor_spawned":[1,5,7,12],"killed_by":"Hexaghost","ascension_level":20}