{"gold_per_floor":[109,109,123,141,152,152,167,201,201,201,276,290,290,319,319,391,391,407,407,426,189,208,208,208],"floor_reached":24,"playtime":1050,"items_purged":["Bite"],"score":541,"play_id":"6ca01935-a87d-41ec-b039-d05047ca6c47","local_time":"20240104213751","is_ascension_mode":true,"campfire_choices":[{"data":"Terror","floor":6,"key":"SMITH"},{"data":"Deadly Poison","floor":10,"key":"SMITH"},{"data":"Night Terror","floor":13,"key":"SMITH"},{"data":"Well Laid Plans","floor":15,"key":"SMITH"},{"data":"Venomology","floor":23,"key":"SMITH"}],"neow_cost":"NONE","seed_source_timestamp":1941082981040100,"circlet_count":0,"master_deck":["AscendersBane","Defend_G","Defend_G","Defend_G","Defend_G","Survivor","Neutralize","Well Laid Plans+1","Adrenaline","Deadly Poison+1","Terror+1","Dash","Night Terror+1","Masterful Stab","Venomology+1","Deadly Poison+1","Bite","Bite","Bite","Bite","Phantasmal Killer","Poisoned Stab+1"],"relics":["Ring of the Snake","Pen Nib","Regal Pillow","Mummified Hand","Ice Cream","SacredBark"],"potions_floor_usage":[8,14,16,18,20,22,24,24],"damage_taken":[{"damage":2,"enemies":"Small Slimes","floor":1,"turns":4},{"damage":3,"enemies":"Cultist","floor":3,"turns":4},{"damage":0,"enemies":"Jaw Worm","floor":4,"turns":5},{"damage":1,"enemies":"Blue Slaver","floor":5,"turns":4},{"damage":4,"enemies":"3 Louse","floor":7,"turns":6},{"damage":0,"enemies":"Lagavulin","floor":8,"turns":5},{"damage":12,"enemies":"Lots of Slimes","floor":12,"turns":4},{"damage":0,"enemies":"Gremlin Nob","floor":14,"turns":3},{"damage":16,"enemies":"Hexaghost","floor":16,"turns":7},{"damage":0,"enemies":"Shell Parasite","floor":18,"turns":4},{"damage":7,"enemies":"Chosen","floor":20,"turns":3},{"damage":41,"enemies":"Snecko","floor":22,"turns":5},{"damage":56,"enemies":"Slavers","floor":24,"turns":4}],"seed_played":"8995341430509636165","potions_obtained":[{"floor":1,"key":"AttackPotion"},{"floor":4,"key":"Fruit Juice"},{"floor":8,"key":"Swift Potion"},{"floor":14,"key":"Dexterity Potion"},{"floor":18,"key":"Swift Potion"}],"is_trial":false,"path_per_floor":["M","?","M","M","M","R","M","E","T","R","?","M","R","E","R","B",null,"M","?","M","$","M","R","E"],"character_chosen":"THE_SILENT","items_purchased":["Phantasmal Killer"],"campfire_rested":0,"item_purchase_floors":[21],"current_hp_per_floor":[57,57,54,54,53,53,49,49,49,49,38,26,26,31,31,15,57,57,49,49,49,18,18,0],"gold":208,"neow_bonus":"RANDOM_COMMON_RELIC","is_prod":false,"is_daily":false,"chose_seed":false,"campfire_upgraded":5,"win_rate":0,"timestamp":1704433071,"path_taken":["M","?","M","M","?","R","M","E","T","R","?","M","R","E","R","BOSS","M","?","M","$","M","R","E"],"build_version":"2022-12-18","purchased_purges":1,"victory":false,"max_hp_per_floor":[66,66,66,66,66,66,66,66,66,66,66,66,66,71,71,71,71,71,49,49,49,49,49,49],"card_choices":[{"not_picked":["Dagger Spray","Dodge and Roll"],"picked":"Well Laid Plans","floor":1},{"not_picked":["Accuracy","Prepared"],"picked":"Adrenaline","floor":3},{"not_picked":["Flechettes","Dagger Spray"],"picked":"Deadly Poison","floor":4},{"not_picked":["Prepared","Dash"],"picked":"Terror","floor":5},{"not_picked":["Deflect","Dagger Spray"],"picked":"Dash","floor":7},{"not_picked":["Slice","Dagger Spray"],"picked":"Night Terror","floor":8},{"not_picked":["Infinite Blades","Sucker Punch","Underhanded Strike"],"picked":"SKIP","floor":12},{"not_picked":["Flechettes","Choke"],"picked":"Masterful Stab","floor":14},{"not_picked":["Grand Finale","A Thousand Cuts"],"picked":"Venomology","floor":16},{"not_picked":["Poisoned Stab","Accuracy"],"picked":"Deadly Poison+1","floor":18},{"not_picked":["Dodge and Roll","All Out Attack","Slice"],"picked":"SKIP","floor":20},{"not_picked":["Dagger Throw","Quick Slash"],"picked":"Poisoned Stab+1","floor":22}],"player_experience":1179282,"relics_obtained":[{"floor":8,"key":"Regal Pillow"},{"floor":9,"key":"Mummified Hand"},{"floor":14,"key":"Ice Cream"}],"event_choices":[{"cards_removed":["Defend_G"],"damage_healed":0,"gold_gain":0,"player_choice":"Offered Basic","damage_taken":0,"max_hp_gain":0,"max_hp_loss":0,"event_name":"Bonfire Elementals","floor":2,"gold_loss":0},{"damage_healed":0,"gold_gain":75,"player_choice":"Gather Gold","damage_taken":11,"max_hp_gain":0,"max_hp_loss":0,"event_name":"World of Goop","floor":11,"gold_loss":0},{"damage_healed":0,"gold_gain":0,"player_choice":"Became a vampire","damage_taken":0,"max_hp_gain":0,"max_hp_loss":22,"event_name":"Vampires","floor":19,"gold_loss":0,"cards_obtained":["Bite","Bite","Bite","Bite","Bite"]}],"is_beta":false,"boss_relics":[{"not_picked":["Ectoplasm","SlaversCollar"],"picked":"SacredBark"}],"items_purged_floors":[21],"is_endless":false,"potions_floor_spawned":[1,4,8,14,18],"killed_by":"Slavers","ascension_level":20}