{"gold_per_floor":[113,129,144,40,55,55,83,83,83,117,192,202,202,214,214,292,292,308,235,247,7,20,20,32,32,108,139,239,239,251,134,134,205,205,215,215,225,236,249,281,299,334,334,334,361,371,168,168,168,168,168,168,168,9,36,36],"floor_reached":57,"playtime":4017,"items_purged":["Strike_G","Strike_G","Strike_G","Strike_G"],"score":2848,"play_id":"911d7b91-ff33-4773-a50f-6cf4df09790a","local_time":"20240115203118","is_ascension_mode":true,"campfire_choices":[{"data":"Sadistic Nature","floor":6,"key":"SMITH"},{"data":"Glass Knife","floor":8,"key":"SMITH"},{"data":"Bouncing Flask","floor":13,"key":"SMITH"},{"data":"Well Laid Plans","floor":15,"key":"SMITH"},{"data":"Bouncing Flask","floor":23,"key":"SMITH"},{"data":"Calculated Gamble","floor":32,"key":"SMITH"},{"floor":44,"key":"RECALL"},{"data":"Catalyst","floor":49,"key":"SMITH"},{"data":"Calculated Gamble","floor":53,"key":"SMITH"}],"neow_cost":"PERCENT_DAMAGE","seed_source_timestamp":472166545951000,"circlet_count":0,"master_deck":["AscendersBane","Strike_G","Defend_G","Defend_G","Defend_G","Defend_G","Defend_G","Survivor","Neutralize","Sadistic Nature+1","Crippling Poison","Bouncing Flask+1","Backflip","Poisoned Stab","Well Laid Plans+1","Glass Knife+1","Backflip","Acrobatics","Adrenaline","Footwork+1","Bouncing Flask+1","Dodge and Roll+1","Calculated Gamble+1","Leg Sweep+1","Venomology","Acrobatics","Sadistic Nature+1","Catalyst+1","Acrobatics","Backflip","Reflex","Reflex+1","Catalyst","Calculated Gamble+1"],"relics":["Ring of the Snake","Smiling Mask","The Courier","Question Card","Coffee Dripper","Oddly Smooth Stone","Membership Card","Paper Crane","Frozen Egg 2","Incense Burner","Mango","Pantograph","PreservedInsect","HoveringKite","Boot","Shuriken","Vajra","MealTicket","Frozen Eye","Art of War","Centennial Puzzle"],"potions_floor_usage":[10,27,27,37,38,39,40,40,42,45,46,50,51,55,55,56,56],"damage_taken":[{"damage":0,"enemies":"Small Slimes","floor":1,"turns":5},{"damage":2,"enemies":"Jaw Worm","floor":2,"turns":4},{"damage":0,"enemies":"Cultist","floor":3,"turns":3},{"damage":0,"enemies":"3 Louse","floor":5,"turns":2},{"damage":8,"enemies":"Gremlin Nob","floor":7,"turns":3},{"damage":6,"enemies":"3 Sentries","floor":10,"turns":5},{"damage":0,"enemies":"Blue Slaver","floor":12,"turns":2},{"damage":1,"enemies":"Red Slaver","floor":14,"turns":3},{"damage":0,"enemies":"Slime Boss","floor":16,"turns":5},{"damage":8,"enemies":"Shell Parasite","floor":18,"turns":4},{"damage":1,"enemies":"2 Thieves","floor":20,"turns":4},{"damage":2,"enemies":"Centurion and Healer","floor":22,"turns":5},{"damage":0,"enemies":"Cultist and Chosen","floor":24,"turns":4},{"damage":3,"enemies":"Slavers","floor":27,"turns":7},{"damage":13,"enemies":"Colosseum Slavers","floor":28,"turns":2},{"damage":14,"enemies":"Colosseum Nobs","floor":28,"turns":4},{"damage":12,"enemies":"3 Cultists","floor":30,"turns":4},{"damage":10,"enemies":"Automaton","floor":33,"turns":11},{"damage":0,"enemies":"Orb Walker","floor":35,"turns":4},{"damage":0,"enemies":"3 Shapes","floor":37,"turns":4},{"damage":0,"enemies":"Maw","floor":38,"turns":5},{"damage":2,"enemies":"Sphere and 2 Shapes","floor":39,"turns":4},{"damage":11,"enemies":"Reptomancer","floor":40,"turns":5},{"damage":0,"enemies":"Writhing Mass","floor":41,"turns":4},{"damage":1,"enemies":"Giant Head","floor":42,"turns":5},{"damage":0,"enemies":"Nemesis","floor":45,"turns":5},{"damage":0,"enemies":"4 Shapes","floor":46,"turns":3},{"damage":23,"enemies":"Awakened One","floor":50,"turns":11},{"damage":46,"enemies":"Time Eater","floor":51,"turns":12},{"damage":6,"enemies":"Shield and Spear","floor":55,"turns":5},{"damage":23,"enemies":"The Heart","floor":56,"turns":8}],"seed_played":"-2333371017036399356","potions_obtained":[{"floor":1,"key":"DistilledChaos"},{"floor":2,"key":"GamblersBrew"},{"floor":7,"key":"Regen Potion"},{"floor":12,"key":"SteroidPotion"},{"floor":14,"key":"LiquidMemories"},{"floor":33,"key":"SpeedPotion"},{"floor":41,"key":"Poison Potion"}],"is_trial":false,"path_per_floor":["M","M","M","$","M","R","E","R","T","E","?","M","R","M","R","B",null,"M","?","M","$","M","R","M","?","T","E","?","T","M","$","R","B",null,"M","?","M","M","M","E","M","E","T","R","E","M","$","?","R","B","B",null,"R","$","E","B",null],"character_chosen":"THE_SILENT","items_purchased":["Poisoned Stab","Membership Card","Paper Crane","PreservedInsect","Frozen Eye","Dexterity Potion","Catalyst","Calculated Gamble","Art of War","EntropicBrew"],"campfire_rested":0,"item_purchase_floors":[4,21,21,31,47,47,47,47,54,54],"current_hp_per_floor":[44,42,42,42,42,42,34,34,34,42,31,31,31,30,30,30,57,49,49,48,48,46,46,46,46,46,43,30,30,18,18,18,33,68,68,68,68,68,66,69,69,68,68,68,68,68,80,76,76,53,30,65,65,76,70,53],"gold":36,"neow_bonus":"RANDOM_COLORLESS_2","is_prod":false,"is_daily":false,"chose_seed":false,"campfire_upgraded":8,"win_rate":0,"timestamp":1705379478,"path_taken":["M","M","M","$","M","R","E","R","T","E","?","M","R","M","R","BOSS","M","?","M","$","?","R","M","?","T","E","?","?","M","?","R","BOSS","M","?","M","M","M","E","?","E","T","R","E","M","$","?","R","BOSS","BOSS","R","$","E","BOSS"],"build_version":"2022-12-18","purchased_purges":4,"victory":true,"max_hp_per_floor":[66,66,66,66,66,66,66,66,66,66,66,66,66,66,66,66,66,66,66,66,66,66,66,66,66,66,66,80,80,80,80,80,80,80,80,80,80,80,80,80,80,80,80,80,80,80,80,76,76,76,76,76,76,76,76,76],"card_choices":[{"not_picked":["Chrysalis","Mayhem"],"picked":"Sadistic Nature","floor":0},{"not_picked":["Backflip","Dash"],"picked":"Crippling Poison","floor":1},{"not_picked":["Dagger Throw","Cloak And Dagger"],"picked":"Bouncing Flask","floor":2},{"not_picked":["Concentrate","Dagger Throw"],"picked":"Backflip","floor":3},{"not_picked":["Deflect","Bouncing Flask"],"picked":"Well Laid Plans","floor":5},{"not_picked":["Dodge and Roll","Deflect"],"picked":"Glass Knife","floor":7},{"not_picked":["Blade Dance","Dash"],"picked":"Backflip","floor":10},{"not_picked":["All Out Attack","Flechettes","Flying Knee","Quick Slash"],"picked":"SKIP","floor":12},{"not_picked":["Slice","Sucker Punch","Flying Knee"],"picked":"Acrobatics","floor":14},{"not_picked":["Die Die Die","Doppelganger","Storm of Steel"],"picked":"Adrenaline","floor":16},{"not_picked":["Terror","Poisoned Stab","Choke+1"],"picked":"Footwork+1","floor":18},{"not_picked":["Well Laid Plans","Underhanded Strike","Acrobatics"],"picked":"Bouncing Flask","floor":20},{"not_picked":["Eviscerate","Distraction","Die Die Die"],"picked":"Dodge and Roll+1","floor":22},{"not_picked":["Deflect","Outmaneuver","Dodge and Roll","Underhanded Strike+1"],"picked":"SKIP","floor":24},{"not_picked":["Choke","Dagger Spray+1","Flying Knee"],"picked":"Calculated Gamble","floor":27},{"not_picked":["Slice","Outmaneuver","Acrobatics"],"picked":"Leg Sweep+1","floor":30},{"not_picked":["Phantasmal Killer","Unload","Tools of the Trade+1"],"picked":"Venomology","floor":33},{"not_picked":["Outmaneuver","Cloak And Dagger","Eviscerate"],"picked":"Acrobatics","floor":35},{"not_picked":["Eviscerate","Outmaneuver+1","Underhanded Strike"],"picked":"Catalyst","floor":37},{"not_picked":["Dodge and Roll","Leg Sweep","Poisoned Stab"],"picked":"Acrobatics","floor":38},{"not_picked":["Bane","All Out Attack","Sucker Punch"],"picked":"Backflip","floor":39},{"not_picked":["Distraction","Bullet Time","Underhanded Strike","Dash+1"],"picked":"SKIP","floor":40},{"not_picked":["Dodge and Roll+1","Distraction+1","Cloak And Dagger","Setup"],"picked":"SKIP","floor":41},{"not_picked":["Deadly Poison","Doppelganger","Backflip"],"picked":"Reflex","floor":42},{"not_picked":["Blade Dance","Flechettes+1","A Thousand Cuts+1","Flying Knee+1"],"picked":"SKIP","floor":45},{"not_picked":["PiercingWail","Acrobatics","Quick Slash+1"],"picked":"Reflex+1","floor":46},{"not_picked":["Blur","Corpse Explosion","Flying Knee","Dagger Spray"],"picked":"SKIP","floor":55}],"player_experience":1237187,"relics_obtained":[{"floor":7,"key":"Smiling Mask"},{"floor":9,"key":"The Courier"},{"floor":10,"key":"Question Card"},{"floor":26,"key":"Frozen Egg 2"},{"floor":27,"key":"Incense Burner"},{"floor":28,"key":"Mango"},{"floor":28,"key":"Pantograph"},{"floor":40,"key":"Boot"},{"floor":42,"key":"Shuriken"},{"floor":43,"key":"Vajra"},{"floor":45,"key":"MealTicket"},{"floor":55,"key":"Centennial Puzzle"}],"event_choices":[{"damage_healed":0,"gold_gain":75,"player_choice":"Gather Gold","damage_taken":11,"max_hp_gain":0,"max_hp_loss":0,"event_name":"World of Goop","floor":11,"gold_loss":0},{"damage_healed":0,"gold_gain":0,"player_choice":"Paid Gold","damage_taken":0,"relics_obtained":["Oddly Smooth Stone"],"max_hp_gain":0,"max_hp_loss":0,"event_name":"WeMeetAgain","floor":19,"gold_loss":73},{"damage_healed":0,"gold_gain":0,"player_choice":"Ignored","damage_taken":0,"max_hp_gain":0,"max_hp_loss":0,"event_name":"Cursed Tome","floor":25,"gold_loss":0},{"damage_healed":0,"gold_gain":0,"player_choice":"Fight","damage_taken":0,"max_hp_gain":0,"max_hp_loss":0,"event_name":"Colosseum","floor":28,"gold_loss":0},{"damage_healed":0,"gold_gain":0,"player_choice":"Fought Nobs","damage_taken":0,"max_hp_gain":0,"max_hp_loss":0,"event_name":"Colosseum","floor":28,"gold_loss":0},{"damage_healed":0,"gold_gain":0,"player_choice":"Copied","damage_taken":0,"max_hp_gain":0,"max_hp_loss":0,"event_name":"Duplicator","floor":36,"gold_loss":0,"cards_obtained":["Sadistic Nature"]},{"damage_healed":0,"gold_gain":0,"player_choice":"Max HP","damage_taken":0,"max_hp_gain":0,"max_hp_loss":4,"event_name":"Winding Halls","floor":48,"gold_loss":0}],"is_beta":false,"boss_relics":[{"not_picked":["Snecko Eye","Black Star"],"picked":"Coffee Dripper"},{"not_picked":["Sozu","SacredBark"],"picked":"HoveringKite"}],"items_purged_floors":[4,31,47,54],"is_endless":false,"potions_floor_spawned":[1,2,7,12,14,18,20,33,35,41,46],"ascension_level":20}