{"gold_per_floor":[117,132,148,16,16,16,42,61,130,130,150,150,183,196,196,268,268,287,299,299,319,319,354,354,370,370,370,389,420,433,433,433,507,507,527,229,248,194,206,217,217,217],"floor_reached":42,"playtime":2179,"items_purged":["Strike_G"],"score":1004,"play_id":"91e8aa0f-ef5c-42cc-bea2-c998ba1031a0","local_time":"20240125002200","is_ascension_mode":true,"campfire_choices":[{"data":"Finisher","floor":6.0,"key":"SMITH"},{"data":"Well Laid Plans","floor":10.0,"key":"SMITH"},{"data":"Neutralize","floor":12.0,"key":"SMITH"},{"floor":15.0,"key":"REST"},{"data":"Venomology","floor":24.0,"key":"SMITH"},{"data":"Leg Sweep","floor":27.0,"key":"SMITH"},{"data":"Acrobatics","floor":32.0,"key":"SMITH"},{"data":"Leg Sweep","floor":41.0,"key":"SMITH"}],"neow_cost":"NONE","seed_source_timestamp":1265390693829900,"circlet_count":0,"master_deck":["AscendersBane","Strike_G","Strike_G","Strike_G","Strike_G","Defend_G","Defend_G","Defend_G","Defend_G","Defend_G","Survivor","Neutralize+1","Finisher+1","Blade Dance+1","Well Laid Plans+1","Acrobatics","Leg Sweep+1","Flying Knee","Corpse Explosion","Heel Hook","Blade Dance+1","Acrobatics+1","Venomology+1","Well Laid Plans","Deflect+1","Blade Dance","Venomology","Master of Strategy","Leg Sweep+1","Finisher"],"special_seed":0,"relics":["Ring of the Snake","PreservedInsect","Lizard Tail","StrikeDummy","Centennial Puzzle","Coffee Dripper","Darkstone Periapt","CaptainsWheel","Bottled Flame","Black Star","Happy Flower"],"potions_floor_usage":[42,42],"damage_taken":[{"damage":3.0,"enemies":"Small Slimes","floor":1.0,"turns":4.0},{"damage":3.0,"enemies":"Cultist","floor":2.0,"turns":4.0},{"damage":7.0,"enemies":"Jaw Worm","floor":3.0,"turns":6.0},{"damage":0.0,"enemies":"Gremlin Nob","floor":7.0,"turns":2.0},{"damage":6.0,"enemies":"Lots of Slimes","floor":8.0,"turns":4.0},{"damage":6.0,"enemies":"Exordium Thugs","floor":11.0,"turns":3.0},{"damage":2.0,"enemies":"3 Sentries","floor":13.0,"turns":4.0},{"damage":2.0,"enemies":"2 Fungi Beasts","floor":14.0,"turns":4.0},{"damage":9.0,"enemies":"Slime Boss","floor":16.0,"turns":7.0},{"damage":0.0,"enemies":"Chosen","floor":18.0,"turns":5.0},{"damage":20.0,"enemies":"3 Byrds","floor":19.0,"turns":3.0},{"damage":25.0,"enemies":"Snake Plant","floor":21.0,"turns":3.0},{"damage":25.0,"enemies":"Gremlin Leader","floor":23.0,"turns":4.0},{"damage":9.0,"enemies":"Shelled Parasite and Fungi","floor":25.0,"turns":3.0},{"damage":0.0,"enemies":"Snecko","floor":28.0,"turns":5.0},{"damage":3.0,"enemies":"Slavers","floor":29.0,"turns":4.0},{"damage":1.0,"enemies":"Centurion and Healer","floor":30.0,"turns":6.0},{"damage":7.0,"enemies":"Collector","floor":33.0,"turns":5.0},{"damage":22.0,"enemies":"3 Shapes","floor":35.0,"turns":3.0},{"damage":9.0,"enemies":"3 Darklings","floor":37.0,"turns":3.0},{"damage":9.0,"enemies":"Sphere and 2 Shapes","floor":39.0,"turns":11.0},{"damage":0.0,"enemies":"4 Shapes","floor":40.0,"turns":8.0},{"damage":31,"enemies":"Reptomancer","floor":42,"turns":2}],"seed_played":"2514384976482169885","potions_obtained":[{"floor":2.0,"key":"AttackPotion"},{"floor":11.0,"key":"Explosive Potion"},{"floor":13.0,"key":"ColorlessPotion"},{"floor":16.0,"key":"SkillPotion"},{"floor":18.0,"key":"CunningPotion"},{"floor":23.0,"key":"Strength Potion"},{"floor":25.0,"key":"EntropicBrew"},{"floor":29.0,"key":"AttackPotion"},{"floor":37.0,"key":"EssenceOfSteel"}],"is_trial":false,"path_per_floor":["M","M","M","$","?","R","E","M","T","R","M","R","E","M","R","B",null,"M","M","?","M","?","E","R","M","T","R","M","E","M","T","R","B",null,"M","$","M","?","M","M","R","E"],"character_chosen":"THE_SILENT","items_purchased":["Well Laid Plans","AttackPotion","Master of Strategy","Leg Sweep"],"campfire_rested":1,"item_purchase_floors":[4,4,36,36],"current_hp_per_floor":[56,53,46,46,46,46,46,40,40,40,34,34,32,30,49,40,60,60,40,40,15,15,33,33,24,24,24,24,21,20,20,20,13,53,31,31,22,22,13,28,28,0],"gold":217,"neow_bonus":"RANDOM_COMMON_RELIC","is_prod":false,"is_daily":false,"chose_seed":false,"campfire_upgraded":7,"win_rate":0,"timestamp":1706170920,"path_taken":["M","M","M","$","?","R","E","M","T","R","M","R","E","M","R","BOSS","M","M","?","M","?","E","R","M","T","R","M","E","?","?","R","BOSS","M","$","M","?","?","M","R","E"],"build_version":"2022-12-18","purchased_purges":1,"victory":false,"max_hp_per_floor":[66,66,66,66,66,66,66,66,66,66,66,66,66,66,66,66,66,66,66,66,66,66,66,66,66,66,66,66,66,66,66,66,66,66,66,66,66,66,66,66,66,66],"card_choices":[{"not_picked":["Bane","Flying Knee","Outmaneuver"],"picked":"SKIP","floor":1.0},{"not_picked":["Escape Plan","Deadly Poison"],"picked":"Finisher","floor":2.0},{"not_picked":["Accuracy","Backstab"],"picked":"Blade Dance","floor":3.0},{"not_picked":["Dodge and Roll","Flying Knee"],"picked":"Acrobatics","floor":7.0},{"not_picked":["Bullet Time","Deflect","Distraction"],"picked":"SKIP","floor":8.0},{"not_picked":["Tactician","Quick Slash","Deflect"],"picked":"SKIP","floor":11.0},{"not_picked":["PiercingWail","Caltrops"],"picked":"Leg Sweep","floor":13.0},{"not_picked":["PiercingWail","Flechettes"],"picked":"Flying Knee","floor":14.0},{"not_picked":["Unload","Bullet Time"],"picked":"Corpse Explosion","floor":16.0},{"not_picked":["Prepared","Acrobatics"],"picked":"Heel Hook","floor":18.0},{"not_picked":["Underhanded Strike","Leg Sweep","Dagger Throw+1"],"picked":"SKIP","floor":19.0},{"not_picked":["Backstab","Expertise"],"picked":"Acrobatics","floor":21.0},{"not_picked":["Prepared","Deadly Poison"],"picked":"Venomology","floor":23.0},{"not_picked":["Deflect","Choke","Quick Slash+1"],"picked":"SKIP","floor":25.0},{"not_picked":["Deadly Poison","Dagger Spray"],"picked":"Well Laid Plans","floor":28.0},{"not_picked":["Night Terror","Quick Slash"],"picked":"Deflect+1","floor":29.0},{"not_picked":["Blur","Masterful Stab"],"picked":"Blade Dance","floor":30.0},{"not_picked":["Storm of Steel","A Thousand Cuts"],"picked":"Venomology","floor":33.0},{"not_picked":["Blade Dance","Deflect","Flying Knee"],"picked":"SKIP","floor":35.0},{"not_picked":["Quick Slash+1","Blade Dance"],"picked":"Finisher","floor":37.0},{"not_picked":["Blade Dance+1","Deflect","Poisoned Stab"],"picked":"SKIP","floor":39.0},{"not_picked":["Backstab","Deflect","Bane"],"picked":"SKIP","floor":40.0}],"player_experience":1276779,"relics_obtained":[{"floor":7.0,"key":"Lizard Tail"},{"floor":9.0,"key":"StrikeDummy"},{"floor":13.0,"key":"Centennial Puzzle"},{"floor":23.0,"key":"Darkstone Periapt"},{"floor":26.0,"key":"CaptainsWheel"},{"floor":29.0,"key":"Bottled Flame"}],"event_choices":[{"damage_healed":0.0,"max_hp_gain":0.0,"max_hp_loss":0.0,"gold_gain":0.0,"event_name":"Accursed Blacksmith","player_choice":"Forge","floor":5.0,"gold_loss":0.0,"damage_taken":0.0,"cards_upgraded":["Blade Dance"]},{"damage_healed":0.0,"max_hp_gain":0.0,"max_hp_loss":0.0,"gold_gain":0.0,"event_name":"The Library","player_choice":"Read","floor":20.0,"gold_loss":0.0,"damage_taken":0.0,"cards_obtained":["Blade Dance"]},{"damage_healed":0.0,"max_hp_gain":0.0,"max_hp_loss":0.0,"gold_gain":0.0,"event_name":"Upgrade Shrine","player_choice":"Upgraded","floor":22.0,"gold_loss":0.0,"damage_taken":0.0,"cards_upgraded":["Blade Dance"]},{"damage_healed":0.0,"max_hp_gain":0.0,"max_hp_loss":0.0,"gold_gain":0.0,"event_name":"WeMeetAgain","player_choice":"Paid Gold","floor":38.0,"gold_loss":54.0,"damage_taken":0.0,"relics_obtained":["Happy Flower"]}],"is_beta":false,"boss_relics":[{"not_picked":["SacredBark","Philosopher\u0027s Stone"],"picked":"Coffee Dripper"},{"not_picked":["Ring of the Serpent","Runic Dome"],"picked":"Black Star"}],"items_purged_floors":[36],"is_endless":false,"potions_floor_spawned":[2,11,13,16,18,23,25,29,37,39,40],"killed_by":"Reptomancer","ascension_level":20}