{"gold_per_floor":[119,130,147,11,22,22,39,66,66,91,91,116,135,168,168,245,245,261,233,245,245,260,260,260,289,367,367,380,50,60,95,95,170,170,183,197,197,197,252,278,278,278,278,278,304,304,335,348,348,348,348,348,348,88,119,119],"floor_reached":57,"playtime":4191,"items_purged":["Strike_G+1","Sucker Punch+1"],"score":3295,"play_id":"53aa74eb-d943-453c-a930-dc337a8a1e4a","local_time":"20240125183832","is_ascension_mode":true,"campfire_choices":[{"floor":6.0,"key":"REST"},{"floor":11.0,"key":"REST"},{"floor":15.0,"key":"REST"},{"data":"Wraith Form v2","floor":23.0,"key":"SMITH"},{"data":"Terror","floor":27.0,"key":"SMITH"},{"floor":32.0,"key":"REST"},{"floor":41.0,"key":"RECALL"},{"data":"Reflex","floor":46.0,"key":"SMITH"},{"data":"Thinking Ahead","floor":49.0,"key":"SMITH"},{"floor":53.0,"key":"REST"}],"neow_cost":"NONE","seed_source_timestamp":1329160423214700,"circlet_count":0,"master_deck":["AscendersBane","Survivor+1","Neutralize+1","Backflip+1","Blade Dance+1","Flying Knee+1","After Image+1","Slice+1","Backflip+1","Dagger Throw+1","Terror+1","Backstab+1","Wraith Form v2+1","Cloak And Dagger+1","Slice+1","Well Laid Plans+1","Prepared+1","Calculated Gamble+1","Cloak And Dagger+1","Underhanded Strike+1","Adrenaline+1","Well Laid Plans+1","Accuracy+1","Wraith Form v2+1","Deflect+1","Die Die Die+1","Terror+1","Well Laid Plans+1","Outmaneuver+1","Prepared+1","Eviscerate+1","Wraith Form v2+1","Thinking Ahead+1","Reflex+1","PiercingWail"],"special_seed":0,"relics":["Ring of the Snake","Juzu Bracelet","Whetstone","Ornamental Fan","Bottled Lightning","Thread and Needle","WristBlade","Sundial","InkBottle","Question Card","Pandora\u0027s Box","Mark of the Bloom","TungstenRod","StrikeDummy","Art of War","Blood Vial","Letter Opener"],"potions_floor_usage":[56,56],"damage_taken":[{"damage":7.0,"enemies":"Jaw Worm","floor":1.0,"turns":6.0},{"damage":1.0,"enemies":"2 Louse","floor":2.0,"turns":6.0},{"damage":14.0,"enemies":"Cultist","floor":3.0,"turns":6.0},{"damage":3.0,"enemies":"Blue Slaver","floor":5.0,"turns":5.0},{"damage":4.0,"enemies":"Looter","floor":7.0,"turns":5.0},{"damage":13.0,"enemies":"3 Sentries","floor":8.0,"turns":12.0},{"damage":17.0,"enemies":"Lagavulin","floor":10.0,"turns":10.0},{"damage":16.0,"enemies":"3 Sentries","floor":12.0,"turns":10.0},{"damage":0.0,"enemies":"Large Slime","floor":13.0,"turns":6.0},{"damage":3.0,"enemies":"Gremlin Nob","floor":14.0,"turns":3.0},{"damage":26.0,"enemies":"Slime Boss","floor":16.0,"turns":12.0},{"damage":6.0,"enemies":"Spheric Guardian","floor":18.0,"turns":5.0},{"damage":8.0,"enemies":"2 Thieves","floor":19.0,"turns":4.0},{"damage":3.0,"enemies":"Centurion and Healer","floor":20.0,"turns":9.0},{"damage":0.0,"enemies":"Snecko","floor":22.0,"turns":5.0},{"damage":0.0,"enemies":"Book of Stabbing","floor":25.0,"turns":6.0},{"damage":19.0,"enemies":"Cultist and Chosen","floor":28.0,"turns":6.0},{"damage":0.0,"enemies":"Centurion and Healer","floor":30.0,"turns":6.0},{"damage":0.0,"enemies":"Gremlin Leader","floor":31.0,"turns":7.0},{"damage":49.0,"enemies":"Automaton","floor":33.0,"turns":16.0},{"damage":0.0,"enemies":"Orb Walker","floor":35.0,"turns":3.0},{"damage":2.0,"enemies":"3 Shapes","floor":36.0,"turns":5.0},{"damage":0.0,"enemies":"2 Orb Walkers","floor":39.0,"turns":4.0},{"damage":0.0,"enemies":"Nemesis","floor":40.0,"turns":5.0},{"damage":0.0,"enemies":"Giant Head","floor":45.0,"turns":5.0},{"damage":0.0,"enemies":"Reptomancer","floor":47.0,"turns":5.0},{"damage":0.0,"enemies":"Maw","floor":48.0,"turns":5.0},{"damage":38.0,"enemies":"Time Eater","floor":50.0,"turns":13.0},{"damage":0.0,"enemies":"Donu and Deca","floor":51.0,"turns":7.0},{"damage":0.0,"enemies":"Shield and Spear","floor":55.0,"turns":8.0},{"damage":0,"enemies":"The Heart","floor":56,"turns":9}],"seed_played":"4579918253820142220","potions_obtained":[{"floor":2.0,"key":"GhostInAJar"},{"floor":5.0,"key":"Fire Potion"},{"floor":8.0,"key":"Explosive Potion"},{"floor":19.0,"key":"Energy Potion"},{"floor":30.0,"key":"SmokeBomb"},{"floor":33.0,"key":"SmokeBomb"},{"floor":40.0,"key":"SteroidPotion"},{"floor":47.0,"key":"SteroidPotion"},{"floor":55.0,"key":"PowerPotion"}],"is_trial":false,"path_per_floor":["M","M","M","$","M","R","M","E","T","E","R","E","M","E","R","B",null,"M","M","M","?","M","R","?","E","T","R","M","$","M","E","R","B",null,"M","M","?","?","?","E","R","?","T","?","E","R","E","M","R","B","B",null,"R","$","E","B",null],"character_chosen":"THE_SILENT","items_purchased":["Blade Dance","DistilledChaos","DistilledChaos","Calculated Gamble","Regen Potion","PowerPotion","PowerPotion","PiercingWail"],"campfire_rested":5,"item_purchase_floors":[4,4,29,29,29,54,54,54],"current_hp_per_floor":[52,51,37,37,34,53,49,36,36,19,38,22,22,19,38,12,53,47,39,36,36,36,36,36,36,36,36,17,17,32,32,51,2,50,50,48,48,48,48,48,48,48,48,48,48,48,48,48,48,10,10,10,10,10,10,10],"gold":119,"neow_bonus":"RANDOM_COMMON_RELIC","is_prod":false,"is_daily":false,"chose_seed":false,"campfire_upgraded":4,"win_rate":0,"timestamp":1706236712,"path_taken":["M","M","M","$","M","R","M","E","T","E","R","E","M","E","R","BOSS","M","M","M","?","M","R","?","E","T","R","M","$","M","E","R","BOSS","M","M","?","?","?","E","R","?","T","?","E","R","E","M","R","BOSS","BOSS","R","$","E","BOSS"],"build_version":"2022-12-18","purchased_purges":2,"victory":true,"max_hp_per_floor":[66,66,66,66,66,66,66,66,66,66,66,66,66,66,66,66,66,66,66,66,66,66,66,66,66,66,66,66,66,66,66,66,66,66,66,66,66,66,66,66,66,63,63,63,63,63,63,63,63,63,63,63,63,63,63,63],"card_choices":[{"not_picked":["Outmaneuver","Dodge and Roll","Deflect"],"picked":"SKIP","floor":1.0},{"not_picked":["Cloak And Dagger","Catalyst"],"picked":"Backflip","floor":2.0},{"not_picked":["Distraction","Skewer","Outmaneuver"],"picked":"SKIP","floor":3.0},{"not_picked":["Deflect","Choke"],"picked":"Flying Knee","floor":5.0},{"not_picked":["Infinite Blades","Acrobatics"],"picked":"After Image","floor":7.0},{"not_picked":["Corpse Explosion","Outmaneuver"],"picked":"Slice","floor":8.0},{"not_picked":["Flying Knee","Outmaneuver"],"picked":"Backflip","floor":10.0},{"not_picked":["Quick Slash","Flying Knee"],"picked":"Dagger Throw","floor":12.0},{"not_picked":["Flying Knee","Poisoned Stab"],"picked":"Terror","floor":13.0},{"not_picked":["Dagger Throw","Cloak And Dagger"],"picked":"Backstab","floor":14.0},{"not_picked":["Night Terror","Envenom"],"picked":"Wraith Form v2","floor":16.0},{"not_picked":["Poisoned Stab","Dagger Throw"],"picked":"Cloak And Dagger","floor":18.0},{"not_picked":["Reflex","Outmaneuver","Poisoned Stab"],"picked":"SKIP","floor":19.0},{"not_picked":["Quick Slash","Outmaneuver","Predator"],"picked":"SKIP","floor":20.0},{"not_picked":["Deflect","Cloak And Dagger"],"picked":"Well Laid Plans","floor":22.0},{"not_picked":["Deadly Poison","All Out Attack"],"picked":"Prepared","floor":25.0},{"not_picked":["Dagger Spray","Grand Finale","Quick Slash"],"picked":"SKIP","floor":28.0},{"not_picked":["Catalyst","Dagger Spray"],"picked":"Cloak And Dagger","floor":30.0},{"not_picked":["Blur","Expertise"],"picked":"Underhanded Strike","floor":31.0},{"not_picked":["Grand Finale","A Thousand Cuts","Doppelganger"],"picked":"Adrenaline","floor":33.0},{"not_picked":["Quick Slash","Flying Knee","Expertise+1","Dagger Throw"],"picked":"SKIP","floor":35.0},{"not_picked":["Sucker Punch+1","Well Laid Plans","Distraction"],"picked":"Eviscerate+1","floor":36.0},{"not_picked":["Dagger Spray+1","Poisoned Stab","Bouncing Flask","Catalyst"],"picked":"SKIP","floor":40.0},{"not_picked":["Madness","Secret Weapon","Flash of Steel"],"picked":"Thinking Ahead","floor":44.0},{"not_picked":["Caltrops","Expertise+1","Footwork+1"],"picked":"Reflex","floor":45.0},{"not_picked":["Eviscerate","Outmaneuver","Bane","Flechettes"],"picked":"SKIP","floor":47.0},{"not_picked":["Slice","Blade Dance","Bane"],"picked":"Sucker Punch+1","floor":48.0},{"not_picked":["Setup","Dagger Spray+1","Backflip","Well Laid Plans"],"picked":"SKIP","floor":55.0}],"player_experience":1278958,"relics_obtained":[{"floor":8.0,"key":"Whetstone"},{"floor":9.0,"key":"Ornamental Fan"},{"floor":10.0,"key":"Bottled Lightning"},{"floor":14.0,"key":"Thread and Needle"},{"floor":25.0,"key":"Sundial"},{"floor":26.0,"key":"InkBottle"},{"floor":31.0,"key":"Question Card"},{"floor":39.0,"key":"TungstenRod"},{"floor":40.0,"key":"StrikeDummy"},{"floor":45.0,"key":"Art of War"},{"floor":47.0,"key":"Blood Vial"},{"floor":55.0,"key":"Letter Opener"}],"event_choices":[{"damage_healed":0.0,"max_hp_gain":0.0,"max_hp_loss":0.0,"gold_gain":0.0,"event_name":"The Library","player_choice":"Read","floor":21.0,"gold_loss":0.0,"damage_taken":0.0,"cards_obtained":["Slice"]},{"damage_healed":0.0,"max_hp_gain":0.0,"max_hp_loss":0.0,"gold_gain":0.0,"event_name":"Back to Basics","player_choice":"Simplicity","floor":24.0,"gold_loss":0.0,"damage_taken":0.0,"cards_upgraded":["Strike_G","Strike_G","Strike_G","Defend_G","Defend_G","Defend_G","Defend_G","Defend_G"]},{"damage_healed":0.0,"max_hp_gain":0.0,"max_hp_loss":0.0,"gold_gain":0.0,"event_name":"MindBloom","player_choice":"Upgrade","floor":37.0,"gold_loss":0.0,"damage_taken":0.0,"cards_upgraded":["Survivor","Neutralize","Backflip","Blade Dance","Flying Knee","After Image","Slice","Backflip","Dagger Throw","Backstab","Cloak And Dagger","Slice","Well Laid Plans","Prepared","Calculated Gamble","Cloak And Dagger","Underhanded Strike","Adrenaline","Well Laid Plans","Accuracy","Wraith Form v2","Deflect","Die Die Die","Terror","Well Laid Plans","Outmaneuver","Prepared"],"relics_obtained":["Mark of the Bloom"]},{"damage_healed":0.0,"max_hp_gain":0.0,"max_hp_loss":0.0,"gold_gain":0.0,"event_name":"Duplicator","player_choice":"Copied","floor":38.0,"gold_loss":0.0,"damage_taken":0.0,"cards_obtained":["Wraith Form v2"]},{"damage_healed":0.0,"max_hp_gain":0.0,"max_hp_loss":0.0,"gold_gain":0.0,"event_name":"Mysterious Sphere","player_choice":"Fight","floor":39.0,"gold_loss":0.0,"damage_taken":0.0},{"damage_healed":0.0,"max_hp_gain":0.0,"max_hp_loss":3.0,"gold_gain":0.0,"event_name":"Winding Halls","player_choice":"Max HP","floor":42.0,"gold_loss":0.0,"damage_taken":0.0},{"damage_healed":0.0,"max_hp_gain":0.0,"max_hp_loss":0.0,"gold_gain":0.0,"event_name":"SensoryStone","player_choice":"Memory 1","floor":44.0,"gold_loss":0.0,"damage_taken":0.0}],"is_beta":false,"boss_relics":[{"not_picked":["Empty Cage","Velvet Choker"],"picked":"WristBlade"},{"not_picked":["Astrolabe","Ring of the Serpent"],"picked":"Pandora\u0027s Box"}],"items_purged_floors":[29,54],"is_endless":false,"potions_floor_spawned":[2,5,8,10,19,30,33,40,45,47,55],"ascension_level":20}