{"gold_per_floor":[118,134,146,18,30,30,44,44,44,78,78,110,130,177,177,251,251,262,262,1,1,18,47,47,65,65,92,92,92,126,139,139,214,214,226,226,53,64,84,115,115,147,147,180,203,203,234,234,234,234,234,234,234,10,45,45],"floor_reached":57,"playtime":2978,"items_purged":["Strike_G","Night Terror"],"score":3201,"play_id":"95815737-a4ff-47fb-8f8e-7c9240244bcf","local_time":"20240209210253","is_ascension_mode":true,"campfire_choices":[{"data":"Finisher","floor":6.0,"key":"SMITH"},{"data":"Cloak And Dagger","floor":8.0,"key":"SMITH"},{"data":"Blade Dance","floor":15.0,"key":"SMITH"},{"floor":24.0,"key":"RECALL"},{"floor":29.0,"key":"REST"},{"floor":32.0,"key":"REST"},{"floor":49.0,"key":"REST"},{"floor":53.0,"key":"REST"}],"neow_cost":"NONE","seed_source_timestamp":2635121014749200,"circlet_count":0,"master_deck":["AscendersBane","Strike_G","Strike_G","Strike_G","Strike_G","Defend_G","Defend_G","Defend_G","Defend_G","Survivor","Finisher+1","Acrobatics","Poisoned Stab","Cloak And Dagger+1","Blade Dance+1","Reflex","Acrobatics","Adrenaline","Accuracy+1","Blade Dance+1","Dark Shackles","Tactician","Venomology","Leg Sweep","Backflip","Accuracy+1","Prepared+1","Blade Dance","Burst","Calculated Gamble","Backflip","Acrobatics","Flash of Steel","Dark Shackles","Acrobatics","Terror"],"special_seed":0,"relics":["Ring of the Snake","Kunai","Tough Bandages","HornCleat","Ancient Tea Set","Fusion Hammer","DollysMirror","MutagenicStrength","MealTicket","Bottled Flame","Pen Nib","Letter Opener","HoveringKite","Orrery","Blue Candle","Happy Flower","CeramicFish","TungstenRod","Toy Ornithopter"],"potions_floor_usage":[55,56,56,56],"damage_taken":[{"damage":2.0,"enemies":"Jaw Worm","floor":1.0,"turns":4.0},{"damage":0.0,"enemies":"2 Louse","floor":2.0,"turns":3.0},{"damage":0.0,"enemies":"Cultist","floor":3.0,"turns":4.0},{"damage":3.0,"enemies":"Blue Slaver","floor":5.0,"turns":5.0},{"damage":0.0,"enemies":"3 Louse","floor":7.0,"turns":3.0},{"damage":4.0,"enemies":"Lagavulin","floor":10.0,"turns":6.0},{"damage":21.0,"enemies":"Gremlin Nob","floor":12.0,"turns":4.0},{"damage":0.0,"enemies":"Large Slime","floor":13.0,"turns":6.0},{"damage":7.0,"enemies":"Slime Boss","floor":16.0,"turns":7.0},{"damage":0.0,"enemies":"Spheric Guardian","floor":18.0,"turns":1.0},{"damage":0.0,"enemies":"2 Thieves","floor":22.0,"turns":1.0},{"damage":0.0,"enemies":"Gremlin Leader","floor":23.0,"turns":5.0},{"damage":0.0,"enemies":"Cultist and Chosen","floor":25.0,"turns":7.0},{"damage":2.0,"enemies":"Book of Stabbing","floor":27.0,"turns":3.0},{"damage":0.0,"enemies":"Gremlin Leader","floor":30.0,"turns":1.0},{"damage":0.0,"enemies":"Sentry and Sphere","floor":31.0,"turns":2.0},{"damage":8.0,"enemies":"Automaton","floor":33.0,"turns":7.0},{"damage":0.0,"enemies":"Orb Walker","floor":35.0,"turns":1.0},{"damage":0.0,"enemies":"3 Shapes","floor":38.0,"turns":4.0},{"damage":0.0,"enemies":"Writhing Mass","floor":39.0,"turns":3.0},{"damage":0.0,"enemies":"Reptomancer","floor":40.0,"turns":4.0},{"damage":0.0,"enemies":"Giant Head","floor":42.0,"turns":3.0},{"damage":1.0,"enemies":"Nemesis","floor":44.0,"turns":3.0},{"damage":0.0,"enemies":"4 Shapes","floor":45.0,"turns":4.0},{"damage":0.0,"enemies":"Reptomancer","floor":47.0,"turns":3.0},{"damage":34.0,"enemies":"Time Eater","floor":50.0,"turns":12.0},{"damage":6.0,"enemies":"Donu and Deca","floor":51.0,"turns":9.0},{"damage":0,"enemies":"Shield and Spear","floor":55,"turns":4},{"damage":8,"enemies":"The Heart","floor":56,"turns":7}],"seed_played":"8634349672136049456","potions_obtained":[{"floor":1.0,"key":"SkillPotion"},{"floor":3.0,"key":"DuplicationPotion"},{"floor":13.0,"key":"Energy Potion"},{"floor":27.0,"key":"BlessingOfTheForge"},{"floor":38.0,"key":"Energy Potion"}],"is_trial":false,"path_per_floor":["M","M","M","$","M","R","M","R","T","E","?","E","M","T","R","B",null,"M","?","$","?","M","E","R","M","T","E","?","R","E","M","R","B",null,"M","?","$","M","M","E","?","E","T","E","M","?","E","?","R","B","B",null,"R","$","E","B",null],"character_chosen":"THE_SILENT","items_purchased":["Cloak And Dagger","DollysMirror","Dark Shackles","Orrery","Terror","SteroidPotion"],"campfire_rested":4,"item_purchase_floors":[4,20,20,37,54,54],"current_hp_per_floor":[57,57,57,57,54,54,54,54,54,50,50,29,29,29,29,22,55,55,55,55,55,55,55,55,55,55,53,53,66,66,66,66,58,64,64,64,66,66,66,66,56,56,56,55,55,55,55,55,63,29,23,53,63,63,63,63],"gold":45,"neow_bonus":"TRANSFORM_CARD","is_prod":false,"is_daily":false,"chose_seed":false,"campfire_upgraded":3,"win_rate":0,"timestamp":1707541373,"path_taken":["M","M","M","$","M","R","M","R","T","E","?","E","M","?","R","BOSS","M","?","$","?","M","E","R","?","T","E","?","R","E","M","R","BOSS","M","?","$","?","M","E","?","E","T","E","M","?","E","?","R","BOSS","BOSS","R","$","E","BOSS"],"build_version":"2022-12-18","purchased_purges":2,"victory":true,"max_hp_per_floor":[66,66,66,66,66,66,66,66,66,66,66,66,66,66,66,66,66,66,66,66,66,66,66,66,66,66,66,66,66,66,66,66,66,66,66,66,66,66,66,66,66,66,66,66,66,66,66,63,63,63,63,63,63,63,63,63],"card_choices":[{"not_picked":["Accuracy","Concentrate"],"picked":"Acrobatics","floor":1.0},{"not_picked":["Quick Slash","Well Laid Plans"],"picked":"Poisoned Stab","floor":2.0},{"not_picked":["Poisoned Stab","Concentrate","Deadly Poison"],"picked":"SKIP","floor":3.0},{"not_picked":["Bane","Deadly Poison"],"picked":"Blade Dance","floor":5.0},{"not_picked":["Bane","Infinite Blades","Setup"],"picked":"SKIP","floor":7.0},{"not_picked":["Quick Slash","Outmaneuver"],"picked":"Reflex","floor":10.0},{"not_picked":["Outmaneuver","Skewer"],"picked":"Acrobatics","floor":12.0},{"not_picked":["Dagger Throw","Quick Slash","Backflip"],"picked":"SKIP","floor":13.0},{"not_picked":["Grand Finale","Night Terror"],"picked":"Adrenaline","floor":16.0},{"not_picked":["Cloak And Dagger","Underhanded Strike"],"picked":"Accuracy+1","floor":18.0},{"not_picked":["Slice","PiercingWail","Flechettes"],"picked":"SKIP","floor":22.0},{"not_picked":["Slice","PiercingWail","Flechettes"],"picked":"SKIP","floor":22.0},{"not_picked":["Concentrate","Cloak And Dagger","Eviscerate"],"picked":"SKIP","floor":23.0},{"not_picked":["Concentrate","Sucker Punch"],"picked":"Tactician","floor":25.0},{"not_picked":["Expertise","Bouncing Flask"],"picked":"Venomology","floor":27.0},{"not_picked":["Caltrops","Poisoned Stab"],"picked":"Leg Sweep","floor":30.0},{"not_picked":["Slice","Poisoned Stab+1","Dagger Throw"],"picked":"SKIP","floor":31.0},{"not_picked":["Venomology","Unload"],"picked":"Night Terror","floor":33.0},{"not_picked":["Predator","Finisher"],"picked":"Backflip","floor":35.0},{"not_picked":["Underhanded Strike","Flying Knee"],"picked":"Prepared+1","floor":37.0},{"not_picked":["Poisoned Stab","Dodge and Roll"],"picked":"Blade Dance","floor":37.0},{"not_picked":["Skewer+1","Deadly Poison+1"],"picked":"Burst","floor":37.0},{"not_picked":["Predator","Prepared"],"picked":"Calculated Gamble","floor":38.0},{"not_picked":["Quick Slash+1","Underhanded Strike+1"],"picked":"Backflip","floor":39.0},{"not_picked":["Quick Slash","Dagger Throw"],"picked":"Acrobatics","floor":40.0},{"not_picked":["Deep Breath","Mayhem"],"picked":"Flash of Steel","floor":41.0},{"not_picked":["Purity","Deep Breath"],"picked":"Dark Shackles","floor":41.0},{"not_picked":["Expertise","Acrobatics","Sucker Punch"],"picked":"SKIP","floor":42.0},{"not_picked":["Cloak And Dagger","Skewer+1","Noxious Fumes"],"picked":"SKIP","floor":44.0},{"not_picked":["Finisher","Sucker Punch"],"picked":"Acrobatics","floor":45.0},{"not_picked":["Flying Knee+1","Dagger Spray","Bane+1"],"picked":"SKIP","floor":47.0},{"not_picked":["Bane","Heel Hook+1","Blur"],"picked":"SKIP","floor":55}],"player_experience":1338882,"relics_obtained":[{"floor":9.0,"key":"Kunai"},{"floor":10.0,"key":"Tough Bandages"},{"floor":12.0,"key":"HornCleat"},{"floor":14.0,"key":"Ancient Tea Set"},{"floor":23.0,"key":"MealTicket"},{"floor":26.0,"key":"Bottled Flame"},{"floor":27.0,"key":"Pen Nib"},{"floor":30.0,"key":"Letter Opener"},{"floor":40.0,"key":"Blue Candle"},{"floor":42.0,"key":"Happy Flower"},{"floor":44.0,"key":"CeramicFish"},{"floor":47.0,"key":"TungstenRod"},{"floor":55,"key":"Toy Ornithopter"}],"event_choices":[{"damage_healed":0.0,"max_hp_gain":0.0,"max_hp_loss":0.0,"gold_gain":0.0,"event_name":"Dead Adventurer","player_choice":"Searched \u00270\u0027 times","floor":11.0,"gold_loss":0.0,"damage_taken":0.0},{"damage_healed":0.0,"max_hp_gain":0.0,"max_hp_loss":0.0,"gold_gain":0.0,"event_name":"Beggar","player_choice":"Ignored","floor":19.0,"gold_loss":0.0,"damage_taken":0.0},{"damage_healed":0.0,"max_hp_gain":0.0,"max_hp_loss":0.0,"gold_gain":0.0,"event_name":"Drug Dealer","player_choice":"Inject Mutagens","floor":21.0,"gold_loss":0.0,"damage_taken":0.0,"relics_obtained":["MutagenicStrength"]},{"damage_healed":0.0,"max_hp_gain":0.0,"max_hp_loss":0.0,"gold_gain":0.0,"event_name":"The Mausoleum","player_choice":"Ignored","floor":28.0,"gold_loss":0.0,"damage_taken":0.0},{"damage_healed":0.0,"max_hp_gain":0.0,"max_hp_loss":0.0,"gold_gain":0.0,"event_name":"Duplicator","player_choice":"Copied","floor":36.0,"gold_loss":0.0,"damage_taken":0.0,"cards_obtained":["Accuracy"]},{"damage_healed":0.0,"max_hp_gain":0.0,"max_hp_loss":0.0,"gold_gain":0.0,"event_name":"SensoryStone","player_choice":"Memory 3","floor":41.0,"gold_loss":0.0,"damage_taken":10.0},{"cards_removed":["Neutralize"],"damage_healed":0.0,"max_hp_gain":0.0,"max_hp_loss":0.0,"gold_gain":0.0,"event_name":"Falling","player_choice":"Removed Attack","floor":46.0,"gold_loss":0.0,"damage_taken":0.0},{"damage_healed":0.0,"max_hp_gain":0.0,"max_hp_loss":3.0,"gold_gain":0.0,"event_name":"Winding Halls","player_choice":"Max HP","floor":48.0,"gold_loss":0.0,"damage_taken":0.0}],"is_beta":false,"boss_relics":[{"not_picked":["SacredBark","Empty Cage"],"picked":"Fusion Hammer"},{"not_picked":["Calling Bell","Astrolabe"],"picked":"HoveringKite"}],"items_purged_floors":[4,54],"is_endless":false,"potions_floor_spawned":[1,3,13,16,27,30,38,39,47],"ascension_level":20}