{"gold_per_floor":[112,112,126,140,55,55,55,84,108,108,58,91,91,107,107,181,181,196,196,196,59,76,76,107,127,197,226,238,251,40,40,40,113,113,130,148,162,162,112,112,132,146,146,146,106,106,117,127,127,127,127,127,127,77,104,104],"floor_reached":57,"playtime":3641,"items_purged":["Defend_P","Strike_P","Defend_P","Decay","FlurryOfBlows"],"score":2604,"play_id":"9204f5f0-0f32-4502-8a26-155a31a5d82f","local_time":"20231225232405","is_ascension_mode":true,"campfire_choices":[{"data":"Eruption","floor":6,"key":"SMITH"},{"data":"CrushJoints","floor":10,"key":"SMITH"},{"data":"SandsOfTime","floor":13,"key":"SMITH"},{"data":"TalkToTheHand","floor":15,"key":"SMITH"},{"data":"Vault","floor":23,"key":"SMITH"},{"floor":32,"key":"REST"},{"floor":40,"key":"REST"},{"floor":44,"key":"RECALL"},{"data":"Omniscience","floor":46,"key":"SMITH"},{"floor":49,"key":"REST"},{"data":"Adaptation","floor":53,"key":"SMITH"}],"neow_cost":"NONE","seed_source_timestamp":1080807686770499,"circlet_count":0,"master_deck":["AscendersBane","Eruption+1","Vigilance","EmptyMind","CrushJoints+1","Adaptation+1","TalkToTheHand+1","SandsOfTime+1","Vault+1","Adaptation","InnerPeace","MentalFortress+1","Omniscience+1","Wireheading+1","Perseverance+1","FlyingSleeves+1"],"relics":["PureWater","Regal Pillow","Toy Ornithopter","Smiling Mask","Ancient Tea Set","Runic Pyramid","Question Card","Frozen Egg 2","Darkstone Periapt","OrangePellets","Astrolabe","Vajra"],"potions_floor_usage":[8,22,27,27,51,56,56],"damage_taken":[{"damage":2,"enemies":"2 Louse","floor":1,"turns":4},{"damage":7,"enemies":"Jaw Worm","floor":3,"turns":3},{"damage":0,"enemies":"Cultist","floor":4,"turns":2},{"damage":12,"enemies":"3 Sentries","floor":8,"turns":4},{"damage":0,"enemies":"Gremlin Nob","floor":12,"turns":2},{"damage":12,"enemies":"Exordium Thugs","floor":14,"turns":2},{"damage":12,"enemies":"Hexaghost","floor":16,"turns":7},{"damage":3,"enemies":"Spheric Guardian","floor":18,"turns":4},{"damage":4,"enemies":"2 Thieves","floor":22,"turns":4},{"damage":26,"enemies":"Book of Stabbing","floor":24,"turns":4},{"damage":0,"enemies":"Snecko","floor":25,"turns":2},{"damage":7,"enemies":"Slavers","floor":27,"turns":5},{"damage":9,"enemies":"Centurion and Healer","floor":28,"turns":4},{"damage":9,"enemies":"Shelled Parasite and Fungi","floor":29,"turns":4},{"damage":8,"enemies":"Automaton","floor":33,"turns":5},{"damage":35,"enemies":"3 Darklings","floor":35,"turns":5},{"damage":0,"enemies":"3 Shapes","floor":36,"turns":6},{"damage":13,"enemies":"Maw","floor":37,"turns":6},{"damage":0,"enemies":"Sphere and 2 Shapes","floor":41,"turns":3},{"damage":22,"enemies":"Writhing Mass","floor":42,"turns":6},{"damage":2,"enemies":"Jaw Worm Horde","floor":47,"turns":4},{"damage":10,"enemies":"Spire Growth","floor":48,"turns":5},{"damage":30,"enemies":"Time Eater","floor":50,"turns":7},{"damage":17,"enemies":"Donu and Deca","floor":51,"turns":4},{"damage":21,"enemies":"Shield and Spear","floor":55,"turns":5},{"damage":41,"enemies":"The Heart","floor":56,"turns":7}],"seed_played":"-3588188146295498890","potions_obtained":[{"floor":3,"key":"ColorlessPotion"},{"floor":4,"key":"Explosive Potion"},{"floor":16,"key":"SkillPotion"},{"floor":24,"key":"BottledMiracle"},{"floor":27,"key":"Ambrosia"},{"floor":33,"key":"Ancient Potion"},{"floor":45,"key":"Ambrosia"},{"floor":55,"key":"BlessingOfTheForge"}],"is_trial":false,"path_per_floor":["M","?","M","M","$","R","?","E","T","R","$","E","R","M","R","B",null,"M","?","?","$","M","R","E","M","T","E","M","M","$","?","R","B",null,"M","M","M","?","$","R","M","M","T","R","?","R","M","M","R","B","B",null,"R","$","E","B",null],"character_chosen":"WATCHER","items_purchased":["Adaptation","InnerPeace","OrangePellets"],"campfire_rested":3,"item_purchase_floors":[5,21,30],"current_hp_per_floor":[59,59,52,52,52,52,52,40,40,40,40,40,40,28,28,16,55,52,52,52,52,53,53,27,27,27,30,21,12,12,18,55,47,67,32,32,19,19,19,56,56,34,34,34,34,34,32,22,59,29,17,60,60,60,39,8],"gold":104,"neow_bonus":"RANDOM_COMMON_RELIC","is_prod":false,"is_daily":false,"chose_seed":false,"campfire_upgraded":7,"win_rate":0,"timestamp":1703575445,"path_taken":["M","?","M","M","$","R","?","E","T","R","?","E","R","M","R","BOSS","M","?","?","$","M","R","E","M","T","E","?","M","?","?","R","BOSS","M","M","M","?","$","R","M","M","T","R","?","R","M","?","R","BOSS","BOSS","R","$","E","BOSS"],"build_version":"2022-12-18","purchased_purges":5,"victory":true,"max_hp_per_floor":[68,68,68,68,68,68,68,68,68,68,68,68,68,68,68,68,68,68,68,68,68,68,68,68,68,68,68,68,68,68,74,74,74,74,74,74,74,74,74,74,74,74,74,74,74,74,74,74,74,74,74,74,74,74,74,74],"card_choices":[{"not_picked":["Protect","Prostrate"],"picked":"FlurryOfBlows","floor":1},{"not_picked":["Protect","Evaluate"],"picked":"EmptyMind","floor":3},{"not_picked":["Meditate","MentalFortress"],"picked":"CrushJoints","floor":4},{"not_picked":["JustLucky","Alpha"],"picked":"SandsOfTime","floor":8},{"not_picked":["Pray","Brilliance","SignatureMove"],"picked":"SKIP","floor":12},{"not_picked":["PathToVictory","FollowUp","CrushJoints"],"picked":"SKIP","floor":14},{"not_picked":["Judgement","Devotion"],"picked":"Vault","floor":16},{"not_picked":["Meditate","DeceiveReality","BattleHymn"],"picked":"SKIP","floor":18},{"not_picked":["PathToVictory","Wallop","Weave+1"],"picked":"SKIP","floor":22},{"not_picked":["PathToVictory","Wallop","Weave+1"],"picked":"SKIP","floor":22},{"not_picked":["FlyingSleeves","MasterReality","EmptyFist"],"picked":"SKIP","floor":24},{"not_picked":["Perseverance","EmptyFist","Consecrate","EmptyBody+1"],"picked":"SKIP","floor":25},{"not_picked":["SandsOfTime","Evaluate","PathToVictory","Crescendo"],"picked":"SKIP","floor":27},{"not_picked":["EmptyBody","SashWhip","FlurryOfBlows"],"picked":"MentalFortress+1","floor":28},{"not_picked":["ClearTheMind","EmptyFist","WaveOfTheHand","CrushJoints"],"picked":"SKIP","floor":29},{"not_picked":["ConjureBlade","Ragnarok","Judgement"],"picked":"Omniscience","floor":33},{"not_picked":["Consecrate","MentalFortress+1","DeceiveReality+1","Perseverance"],"picked":"SKIP","floor":35},{"not_picked":["CutThroughFate+1","FlyingSleeves","WheelKick","ThirdEye"],"picked":"SKIP","floor":36},{"not_picked":["Adaptation+1","Consecrate+1","Evaluate","Meditate"],"picked":"SKIP","floor":37},{"not_picked":["Prostrate","BowlingBash","Crescendo","Evaluate"],"picked":"SKIP","floor":41},{"not_picked":["CutThroughFate","Crescendo","ClearTheMind","EmptyFist"],"picked":"SKIP","floor":42},{"not_picked":["Study+1","Sanctity","ClearTheMind+1","Indignation"],"picked":"SKIP","floor":47},{"not_picked":["FearNoEvil+1","EmptyBody+1","SignatureMove+1","Establishment+1"],"picked":"SKIP","floor":48},{"not_picked":["Prostrate","BowlingBash","WheelKick","CrushJoints"],"picked":"SKIP","floor":55}],"player_experience":1094380,"relics_obtained":[{"floor":8,"key":"Toy Ornithopter"},{"floor":9,"key":"Smiling Mask"},{"floor":12,"key":"Ancient Tea Set"},{"floor":24,"key":"Question Card"},{"floor":26,"key":"Frozen Egg 2"},{"floor":27,"key":"Darkstone Periapt"},{"floor":55,"key":"Vajra"}],"event_choices":[{"damage_healed":0,"gold_gain":0,"player_choice":"Ignored","damage_taken":0,"max_hp_gain":0,"max_hp_loss":0,"event_name":"Liars Game","floor":2,"gold_loss":0},{"damage_healed":0,"gold_gain":0,"cards_transformed":["Defend_P"],"player_choice":"Change","damage_taken":0,"max_hp_gain":0,"max_hp_loss":0,"event_name":"Living Wall","floor":7,"gold_loss":0,"cards_obtained":["TalkToTheHand"]},{"damage_healed":0,"gold_gain":0,"player_choice":"Read","damage_taken":0,"max_hp_gain":0,"max_hp_loss":0,"event_name":"The Library","floor":19,"gold_loss":0,"cards_obtained":["Adaptation"]},{"cards_removed":["Strike_P"],"damage_healed":0,"gold_gain":0,"player_choice":"Purged","damage_taken":0,"max_hp_gain":0,"max_hp_loss":0,"event_name":"Purifier","floor":20,"gold_loss":0},{"damage_healed":0,"gold_gain":0,"player_choice":"Smashed Altar","damage_taken":0,"max_hp_gain":0,"max_hp_loss":0,"event_name":"Forgotten Altar","floor":31,"gold_loss":0,"cards_obtained":["Decay"]},{"damage_healed":0,"gold_gain":0,"player_choice":"Ignored","damage_taken":0,"max_hp_gain":0,"max_hp_loss":0,"event_name":"Mysterious Sphere","floor":38,"gold_loss":0},{"damage_healed":0,"gold_gain":0,"player_choice":"Bought 3 Potions","damage_taken":0,"max_hp_gain":0,"max_hp_loss":0,"event_name":"The Woman in Blue","floor":45,"gold_loss":0}],"is_beta":false,"boss_relics":[{"not_picked":["SacredBark","Sozu"],"picked":"Runic Pyramid"},{"not_picked":["Calling Bell","Coffee Dripper"],"picked":"Astrolabe"}],"items_purged_floors":[11,21,30,39,54],"is_endless":false,"potions_floor_spawned":[3,4,16,18,24,25,27,33,35,37,47,48,55],"ascension_level":20}