{"gold_per_floor":[113,129,54,70,80,108,119,119,146,146,165,193,193,204,204,280,280,297,167,182,196,209,209],"floor_reached":23,"playtime":686,"items_purged":["Defend_P","Defend_P"],"score":564,"play_id":"f0eb002a-c54f-4680-9a16-3dbbc4fe09a5","local_time":"20240111022801","is_ascension_mode":true,"campfire_choices":[{"data":"CrushJoints","floor":8.0,"key":"SMITH"},{"data":"BowlingBash","floor":10.0,"key":"SMITH"},{"data":"CutThroughFate","floor":15.0,"key":"SMITH"}],"neow_cost":"NONE","seed_source_timestamp":64847851926200,"circlet_count":0,"master_deck":["AscendersBane","Strike_P","Strike_P","Strike_P","Strike_P","Defend_P","Defend_P","Eruption+1","Vigilance","ReachHeaven","CrushJoints+1","BowlingBash+1","ThirdEye","FearNoEvil","CutThroughFate+1","CutThroughFate","WaveOfTheHand+1"],"special_seed":0,"relics":["PureWater","White Beast Statue","Vajra","Philosopher\u0027s Stone"],"potions_floor_usage":[22,23,23],"damage_taken":[{"damage":0.0,"enemies":"Cultist","floor":1.0,"turns":3.0},{"damage":0.0,"enemies":"Small Slimes","floor":2.0,"turns":2.0},{"damage":0.0,"enemies":"Jaw Worm","floor":4.0,"turns":1.0},{"damage":17.0,"enemies":"3 Louse","floor":5.0,"turns":3.0},{"damage":0.0,"enemies":"Lagavulin","floor":6.0,"turns":4.0},{"damage":0.0,"enemies":"Looter","floor":7.0,"turns":2.0},{"damage":0.0,"enemies":"Large Slime","floor":11.0,"turns":2.0},{"damage":3.0,"enemies":"Gremlin Nob","floor":12.0,"turns":3.0},{"damage":0.0,"enemies":"Exordium Thugs","floor":14.0,"turns":1.0},{"damage":0.0,"enemies":"Slime Boss","floor":16.0,"turns":3.0},{"damage":0.0,"enemies":"Chosen","floor":18.0,"turns":2.0},{"damage":20.0,"enemies":"Shell Parasite","floor":20.0,"turns":3.0},{"damage":0.0,"enemies":"Centurion and Healer","floor":21.0,"turns":2.0},{"damage":25,"enemies":"Chosen and Byrds","floor":22,"turns":4},{"damage":22,"enemies":"Gremlin Leader","floor":23,"turns":2}],"seed_played":"7621867561267243962","potions_obtained":[{"floor":2.0,"key":"StancePotion"},{"floor":6.0,"key":"LiquidBronze"},{"floor":7.0,"key":"Energy Potion"},{"floor":11.0,"key":"CultistPotion"},{"floor":12.0,"key":"SteroidPotion"},{"floor":14.0,"key":"AttackPotion"},{"floor":21.0,"key":"SkillPotion"},{"floor":22,"key":"BottledMiracle"}],"is_trial":false,"path_per_floor":["M","M","$","M","M","E","M","R","T","R","M","E","?","M","R","B",null,"M","$","M","M","M","E"],"character_chosen":"WATCHER","items_purchased":["CutThroughFate"],"campfire_rested":0,"item_purchase_floors":[19],"current_hp_per_floor":[61,61,61,61,44,44,44,44,44,44,44,41,63,63,63,63,67,67,67,47,47,22,0],"gold":209,"neow_bonus":"UPGRADE_CARD","is_prod":false,"is_daily":false,"chose_seed":false,"campfire_upgraded":3,"win_rate":0,"timestamp":1704968881,"path_taken":["M","M","$","M","M","E","?","R","T","R","M","E","?","M","R","BOSS","M","$","M","M","M","E"],"build_version":"2022-12-18","purchased_purges":2,"victory":false,"max_hp_per_floor":[68,68,68,68,68,68,68,68,68,68,68,68,68,68,68,68,68,68,68,68,68,68,68],"card_choices":[{"not_picked":["ClearTheMind","Protect","LikeWater"],"picked":"SKIP","floor":1.0},{"not_picked":["SignatureMove","Consecrate"],"picked":"ReachHeaven","floor":2.0},{"not_picked":["PathToVictory","WaveOfTheHand"],"picked":"CrushJoints","floor":4.0},{"not_picked":["FollowUp","Study","CrushJoints"],"picked":"SKIP","floor":5.0},{"not_picked":["Worship","Consecrate"],"picked":"BowlingBash","floor":6.0},{"not_picked":["Vengeance","WheelKick","Collect"],"picked":"SKIP","floor":7.0},{"not_picked":["Omniscience","FlurryOfBlows"],"picked":"ThirdEye","floor":11.0},{"not_picked":["Nirvana","PathToVictory"],"picked":"FearNoEvil","floor":12.0},{"not_picked":["Protect","EmptyFist"],"picked":"CutThroughFate","floor":14.0},{"not_picked":["Pray","FollowUp+1","JustLucky"],"picked":"SKIP","floor":18.0},{"not_picked":["BowlingBash","Halt"],"picked":"WaveOfTheHand+1","floor":20.0},{"not_picked":["Crescendo","FollowUp","WindmillStrike+1"],"picked":"SKIP","floor":21.0},{"not_picked":["FlurryOfBlows","Evaluate","BowlingBash"],"picked":"SKIP","floor":22}],"player_experience":1229456,"relics_obtained":[{"floor":6.0,"key":"White Beast Statue"},{"floor":12.0,"key":"Vajra"}],"event_choices":[{"damage_healed":22.0,"max_hp_gain":0.0,"max_hp_loss":0.0,"gold_gain":0.0,"event_name":"Big Fish","player_choice":"Banana","floor":13.0,"gold_loss":0.0,"damage_taken":0.0}],"is_beta":false,"boss_relics":[{"not_picked":["Runic Dome","Cursed Key"],"picked":"Philosopher\u0027s Stone"}],"items_purged_floors":[3,19],"is_endless":false,"potions_floor_spawned":[2,6,7,11,12,14,16,18,20,21,22],"killed_by":"Gremlin Leader","ascension_level":20}