{"gold_per_floor":[119,119,119,139,156,185,185,215,215,215,225,245,245,81,81,158,158,176,187,206,206,218,247,247,279,303,253,270,299,299,249,249,323,323,340,360,310,320,331,346,296,256,256,289,289,302,322,336,336,336,336,336,336,25,50,50],"floor_reached":57,"playtime":3176,"items_purged":["Defend_P","Strike_P","Strike_P","Strike_P","Defend_P","Strike_P"],"score":3487,"play_id":"ce744c47-61c1-4263-b928-3a123e394d68","local_time":"20240103235837","is_ascension_mode":true,"campfire_choices":[{"data":"Eruption","floor":7,"key":"SMITH"},{"data":"Wallop","floor":10,"key":"SMITH"},{"data":"SandsOfTime","floor":13,"key":"SMITH"},{"data":"FollowUp","floor":15,"key":"SMITH"},{"data":"Adaptation","floor":24,"key":"SMITH"},{"data":"Vigilance","floor":30,"key":"SMITH"},{"floor":32,"key":"REST"},{"floor":45,"key":"RECALL"},{"data":"EmptyBody","floor":49,"key":"SMITH"},{"data":"InnerPeace","floor":53,"key":"SMITH"}],"neow_cost":"PERCENT_DAMAGE","seed_source_timestamp":1860957493594900,"circlet_count":0,"master_deck":["AscendersBane","Eruption+1","Vigilance+1","FollowUp+1","SandsOfTime+1","Wallop+1","Adaptation+1","FearNoEvil","InnerPeace+1","Scrawl+1","EmptyBody+1","Halt+1","Panacea+1","Fasting2"],"special_seed":0,"relics":["PureWater","InkBottle","Regal Pillow","Thread and Needle","Pantograph","Runic Pyramid","Smiling Mask","Mango","Bottled Flame","Coffee Dripper","Bottled Tornado","Prayer Wheel","War Paint"],"potions_floor_usage":[6,11,19,23,29,29,55,56,56],"damage_taken":[{"damage":1.0,"enemies":"Small Slimes","floor":1.0,"turns":4.0},{"damage":0,"enemies":"2 Louse","floor":4,"turns":2},{"damage":2,"enemies":"Cultist","floor":5,"turns":3},{"damage":0,"enemies":"Gremlin Nob","floor":6,"turns":2},{"damage":18,"enemies":"Lagavulin","floor":8,"turns":6},{"damage":0,"enemies":"Lots of Slimes","floor":11,"turns":2},{"damage":0,"enemies":"2 Fungi Beasts","floor":12,"turns":3},{"damage":0,"enemies":"Slime Boss","floor":16,"turns":5},{"damage":0,"enemies":"Chosen","floor":18,"turns":3},{"damage":7,"enemies":"2 Thieves","floor":19,"turns":2},{"damage":7,"enemies":"3 Cultists","floor":20,"turns":4},{"damage":0,"enemies":"Snecko","floor":22,"turns":3},{"damage":0,"enemies":"Gremlin Leader","floor":23,"turns":5},{"damage":5,"enemies":"Book of Stabbing","floor":25,"turns":4},{"damage":19,"enemies":"Centurion and Healer","floor":28,"turns":3},{"damage":0,"enemies":"Slavers","floor":29,"turns":3},{"damage":0,"enemies":"Collector","floor":33,"turns":4},{"damage":0,"enemies":"3 Shapes","floor":35,"turns":5},{"damage":0,"enemies":"3 Darklings","floor":36,"turns":2},{"damage":0,"enemies":"Sphere and 2 Shapes","floor":38,"turns":2},{"damage":0,"enemies":"4 Shapes","floor":39,"turns":3},{"damage":0,"enemies":"Spire Growth","floor":40,"turns":2},{"damage":0,"enemies":"Giant Head","floor":44,"turns":2},{"damage":0,"enemies":"Writhing Mass","floor":46,"turns":1},{"damage":0,"enemies":"3 Darklings","floor":47,"turns":2},{"damage":0,"enemies":"Transient","floor":48,"turns":5},{"damage":0,"enemies":"Donu and Deca","floor":50,"turns":4},{"damage":0,"enemies":"Awakened One","floor":51,"turns":6},{"damage":0,"enemies":"Shield and Spear","floor":55,"turns":2},{"damage":40,"enemies":"The Heart","floor":56,"turns":7}],"seed_played":"-6755269205330115523","potions_obtained":[{"floor":1.0,"key":"StancePotion"},{"floor":5,"key":"BlessingOfTheForge"},{"floor":8,"key":"BlessingOfTheForge"},{"floor":12,"key":"GamblersBrew"},{"floor":18,"key":"DuplicationPotion"},{"floor":19,"key":"Fire Potion"},{"floor":28,"key":"Swift Potion"},{"floor":33,"key":"Block Potion"},{"floor":42,"key":"GamblersBrew"},{"floor":55,"key":"Weak Potion"}],"is_trial":false,"path_per_floor":["M","?","?","M","M","E","R","E","T","R","M","M","R","$","R","B",null,"M","M","M","?","M","E","R","E","T","$","M","E","R","$","R","B",null,"M","M","$","M","M","M","$","?","T","E","R","M","M","M","R","B","B",null,"R","$","E","B",null],"character_chosen":"WATCHER","items_purchased":["FearNoEvil","Panacea","Fasting2","StancePotion"],"campfire_rested":1,"item_purchase_floors":[14,54,54,54],"current_hp_per_floor":[42,42,42,42,40,40,40,22,22,22,22,22,22,22,22,47,63,63,56,49,49,49,49,49,58,58,58,39,39,39,39,78,82,82,82,82,82,82,82,82,82,82,82,82,82,82,82,82,82,82,82,82,82,82,82,42],"gold":50,"neow_bonus":"TRANSFORM_TWO_CARDS","is_prod":false,"is_daily":false,"chose_seed":false,"campfire_upgraded":8,"win_rate":0,"timestamp":1704355117,"path_taken":["M","?","?","M","M","E","R","E","T","R","M","?","R","?","R","BOSS","M","M","?","?","M","E","R","E","T","$","M","E","R","$","R","BOSS","M","M","$","M","M","M","$","?","T","E","R","M","M","M","R","BOSS","BOSS","R","$","E","BOSS"],"build_version":"2022-12-18","purchased_purges":6,"victory":true,"max_hp_per_floor":[68,68,68,68,68,68,68,68,68,68,68,68,68,68,68,68,68,68,68,68,68,68,68,68,82,82,82,82,82,82,82,82,82,82,82,82,82,82,82,82,82,82,82,82,82,82,82,82,82,82,82,82,82,82,82,82],"card_choices":[{"not_picked":["EmptyBody","Halt"],"picked":"SandsOfTime","floor":1.0},{"not_picked":["FlyingSleeves","FlurryOfBlows"],"picked":"Wallop","floor":4},{"not_picked":["PathToVictory","SandsOfTime","Prostrate"],"picked":"SKIP","floor":5},{"not_picked":["EmptyFist","InnerPeace"],"picked":"Adaptation","floor":6},{"not_picked":["Halt","CarveReality","EmptyBody"],"picked":"SKIP","floor":8},{"not_picked":["Protect","LikeWater","Study"],"picked":"SKIP","floor":11},{"not_picked":["Swivel","SpiritShield","FollowUp"],"picked":"SKIP","floor":12},{"not_picked":["Pray","SashWhip+1"],"picked":"InnerPeace","floor":18},{"not_picked":["ThirdEye","Vengeance","Halt"],"picked":"SKIP","floor":19},{"not_picked":["BattleHymn","CutThroughFate","Pray"],"picked":"SKIP","floor":20},{"not_picked":["EmptyFist","Wallop+1","DeusExMachina"],"picked":"SKIP","floor":22},{"not_picked":["BowlingBash+1","FlurryOfBlows+1","EmptyMind"],"picked":"SKIP","floor":23},{"not_picked":["CrushJoints","Halt+1","SashWhip"],"picked":"SKIP","floor":25},{"not_picked":["Weave","ClearTheMind","ThirdEye"],"picked":"SKIP","floor":28},{"not_picked":["ClearTheMind+1","BowlingBash","Evaluate"],"picked":"SKIP","floor":29},{"not_picked":["Judgement","Wish"],"picked":"Scrawl","floor":33},{"not_picked":["Halt","BattleHymn","CrushJoints+1"],"picked":"SKIP","floor":35},{"not_picked":["Protect","FollowUp","Nirvana"],"picked":"SKIP","floor":36},{"not_picked":["WheelKick","InnerPeace+1","SandsOfTime"],"picked":"SKIP","floor":38},{"not_picked":["LikeWater+1","CutThroughFate","Crescendo"],"picked":"SKIP","floor":39},{"not_picked":["Evaluate","JustLucky","WreathOfFlame"],"picked":"SKIP","floor":40},{"not_picked":["MasterReality","EmptyFist","FlyingSleeves"],"picked":"SKIP","floor":44},{"not_picked":["Meditate+1","Worship","BowlingBash+1"],"picked":"SKIP","floor":46},{"not_picked":["LikeWater","Crescendo","Nirvana"],"picked":"SKIP","floor":46},{"not_picked":["WreathOfFlame","Consecrate"],"picked":"EmptyBody","floor":47},{"not_picked":["Crescendo","Perseverance","WheelKick"],"picked":"SKIP","floor":47},{"not_picked":["Fasting2+1","Evaluate"],"picked":"Halt+1","floor":48},{"not_picked":["Halt","PathToVictory","WreathOfFlame+1"],"picked":"SKIP","floor":48},{"not_picked":["FlyingSleeves","WheelKick","ClearTheMind"],"picked":"SKIP","floor":55}],"player_experience":1169722,"relics_obtained":[{"floor":6,"key":"Regal Pillow"},{"floor":8,"key":"Thread and Needle"},{"floor":9,"key":"Pantograph"},{"floor":23,"key":"Smiling Mask"},{"floor":25,"key":"Mango"},{"floor":29,"key":"Bottled Flame"},{"floor":43,"key":"Bottled Tornado"},{"floor":44,"key":"Prayer Wheel"},{"floor":55,"key":"War Paint"}],"event_choices":[{"damage_healed":0.0,"max_hp_gain":0.0,"max_hp_loss":0.0,"gold_gain":0.0,"event_name":"Liars Game","player_choice":"Ignored","floor":2.0,"gold_loss":0.0,"damage_taken":0.0},{"cards_removed":["Fasting2"],"damage_healed":0.0,"max_hp_gain":0.0,"max_hp_loss":0.0,"gold_gain":0.0,"event_name":"WeMeetAgain","player_choice":"Gave Card","floor":3.0,"gold_loss":0.0,"damage_taken":0.0,"relics_obtained":["InkBottle"]},{"damage_healed":0,"gold_gain":0,"player_choice":"Bought 3 Potions","damage_taken":0,"max_hp_gain":0,"max_hp_loss":0,"event_name":"The Woman in Blue","floor":42,"gold_loss":0}],"is_beta":false,"boss_relics":[{"not_picked":["Runic Dome","Fusion Hammer"],"picked":"Runic Pyramid"},{"not_picked":["Philosopher\u0027s Stone","Calling Bell"],"picked":"Coffee Dripper"}],"items_purged_floors":[14,27,31,37,41,54],"is_endless":false,"potions_floor_spawned":[1,5,8,12,18,19,20,28,33,44,46,47,48,55],"ascension_level":20}