{"gold_per_floor":[110,130,146,296,127,127,146,71,94,109,125,25,25,50,50,50],"floor_reached":16,"playtime":473,"items_purged":["Doubt","Strike_P"],"score":184,"play_id":"2e97d9e9-5578-4036-9e1f-714091503056","local_time":"20240110174414","is_ascension_mode":true,"campfire_choices":[{"data":"Eruption","floor":6,"key":"SMITH"},{"data":"Adaptation","floor":13,"key":"SMITH"},{"data":"InnerPeace","floor":15,"key":"SMITH"}],"neow_cost":"TEN_PERCENT_HP_LOSS","seed_source_timestamp":33686808467000,"circlet_count":0,"master_deck":["AscendersBane","Strike_P","Strike_P","Strike_P","Defend_P","Eruption+1","Vigilance","InnerPeace+1","Adaptation+1","FearNoEvil","TalkToTheHand","MentalFortress"],"relics":["PureWater","Pen Nib","Odd Mushroom"],"potions_floor_usage":[7,10,14,16,16,16,16],"damage_taken":[{"damage":0,"enemies":"Jaw Worm","floor":1,"turns":3},{"damage":0,"enemies":"2 Louse","floor":2,"turns":3},{"damage":0,"enemies":"Small Slimes","floor":3,"turns":2},{"damage":16,"enemies":"Exordium Wildlife","floor":7,"turns":3},{"damage":6,"enemies":"Red Slaver","floor":10,"turns":2},{"damage":18,"enemies":"3 Louse","floor":11,"turns":2},{"damage":0,"enemies":"The Mushroom Lair","floor":14,"turns":2},{"damage":29,"enemies":"Slime Boss","floor":16,"turns":6}],"seed_played":"8217797680103250578","potions_obtained":[{"floor":7,"key":"ColorlessPotion"},{"floor":10,"key":"Dexterity Potion"},{"floor":11,"key":"Swift Potion"},{"floor":14,"key":"EntropicBrew"}],"is_trial":false,"path_per_floor":["M","M","M","?","$","R","M","?","T","M","M","$","R","?","R","B"],"character_chosen":"WATCHER","items_purchased":["Adaptation","AttackPotion"],"campfire_rested":0,"item_purchase_floors":[5,5],"current_hp_per_floor":[61,61,61,61,61,61,45,45,45,39,21,21,21,21,21,0],"gold":50,"neow_bonus":"REMOVE_TWO","is_prod":false,"is_daily":false,"chose_seed":false,"campfire_upgraded":3,"win_rate":0,"timestamp":1704937454,"path_taken":["M","M","M","?","$","R","M","?","T","M","M","$","R","?","R","BOSS"],"build_version":"2022-12-18","purchased_purges":2,"victory":false,"max_hp_per_floor":[62,62,62,62,62,62,62,62,62,62,62,62,62,62,62,62],"card_choices":[{"not_picked":["FlyingSleeves","JustLucky","Perseverance"],"picked":"SKIP","floor":1},{"not_picked":["Evaluate","JustLucky","PathToVictory"],"picked":"SKIP","floor":2},{"not_picked":["Wallop","Pray"],"picked":"InnerPeace","floor":3},{"not_picked":["ClearTheMind","Collect","Weave"],"picked":"SKIP","floor":7},{"not_picked":["FlyingSleeves","Protect"],"picked":"FearNoEvil","floor":10},{"not_picked":["CrushJoints","Halt"],"picked":"TalkToTheHand","floor":11},{"not_picked":["Establishment","Collect"],"picked":"MentalFortress","floor":14}],"player_experience":1228256,"relics_obtained":[{"floor":9,"key":"Pen Nib"},{"floor":14,"key":"Odd Mushroom"}],"event_choices":[{"damage_healed":0,"gold_gain":150,"player_choice":"AGREE","damage_taken":0,"max_hp_gain":0,"max_hp_loss":0,"event_name":"Liars Game","floor":4,"gold_loss":0,"cards_obtained":["Doubt"]},{"cards_removed":["Defend_P"],"damage_healed":0,"gold_gain":0,"player_choice":"Card Removal","damage_taken":0,"max_hp_gain":0,"max_hp_loss":0,"event_name":"The Cleric","floor":8,"gold_loss":75},{"damage_healed":0,"gold_gain":0,"player_choice":"Fought Mushrooms","damage_taken":0,"max_hp_gain":0,"max_hp_loss":0,"event_name":"Mushrooms","floor":14,"gold_loss":0}],"is_beta":false,"boss_relics":[],"items_purged_floors":[5,12],"is_endless":false,"potions_floor_spawned":[7,10,11,14],"killed_by":"Slime Boss","ascension_level":20}