{"gold_per_floor":[113,128,148,163,7,7,39,51,51,79,96,113,145,145,145,222,222,234,214,225,243,253,253,264,264],"floor_reached":25,"playtime":880,"items_purged":["Defend_P"],"score":558,"play_id":"f5bc6741-69d5-427b-a736-0b86ddc0fa9f","local_time":"20240110162922","is_ascension_mode":true,"campfire_choices":[{"data":"Eruption","floor":6,"key":"SMITH"},{"data":"EmptyFist","floor":15,"key":"SMITH"},{"floor":23,"key":"REST"}],"neow_cost":"NONE","seed_source_timestamp":28784977083600,"circlet_count":0,"master_deck":["AscendersBane","Strike_P","Strike_P","Strike_P","Strike_P","Defend_P","Defend_P","Defend_P","Eruption+1","Vigilance","EmptyFist+1","Vengeance","BowlingBash","SandsOfTime","CutThroughFate","MentalFortress+1","Meditate+1","Establishment+1","CrushJoints","MentalFortress+1"],"relics":["PureWater","Toy Ornithopter","Regal Pillow","TeardropLocket","Strawberry","Frozen Egg 2","VioletLotus"],"potions_floor_usage":[7,10,16,20,25],"damage_taken":[{"damage":0,"enemies":"Jaw Worm","floor":1,"turns":3},{"damage":1,"enemies":"2 Louse","floor":2,"turns":2},{"damage":1,"enemies":"Cultist","floor":3,"turns":4},{"damage":8,"enemies":"Large Slime","floor":4,"turns":6},{"damage":0,"enemies":"Gremlin Nob","floor":7,"turns":2},{"damage":13,"enemies":"Blue Slaver","floor":8,"turns":2},{"damage":0,"enemies":"Lagavulin","floor":10,"turns":3},{"damage":0,"enemies":"Looter","floor":11,"turns":1},{"damage":0,"enemies":"Large Slime","floor":12,"turns":2},{"damage":5,"enemies":"3 Sentries","floor":13,"turns":3},{"damage":12,"enemies":"Slime Boss","floor":16,"turns":6},{"damage":23,"enemies":"3 Byrds","floor":18,"turns":4},{"damage":19,"enemies":"Shell Parasite","floor":20,"turns":4},{"damage":19,"enemies":"Sentry and Sphere","floor":21,"turns":5},{"damage":3,"enemies":"Snake Plant","floor":22,"turns":3},{"damage":13,"enemies":"3 Cultists","floor":24,"turns":3},{"damage":43,"enemies":"Slavers","floor":25,"turns":3}],"seed_played":"-4934739536905763024","potions_obtained":[{"floor":4,"key":"DuplicationPotion"},{"floor":7,"key":"BlessingOfTheForge"},{"floor":10,"key":"AttackPotion"},{"floor":12,"key":"CultistPotion"},{"floor":19,"key":"Dexterity Potion"},{"floor":20,"key":"Fruit Juice"}],"is_trial":false,"path_per_floor":["M","M","M","M","$","R","E","M","T","E","M","M","E","?","R","B",null,"M","?","M","M","M","R","M","E"],"character_chosen":"WATCHER","items_purchased":["SandsOfTime"],"campfire_rested":1,"item_purchase_floors":[5],"current_hp_per_floor":[61,60,59,51,51,51,56,43,43,55,55,55,50,27,27,20,61,38,38,29,10,7,46,33,0],"gold":264,"neow_bonus":"RANDOM_COMMON_RELIC","is_prod":false,"is_daily":false,"chose_seed":false,"campfire_upgraded":2,"win_rate":0,"timestamp":1704932962,"path_taken":["M","M","M","M","$","R","E","M","T","E","M","M","E","?","R","BOSS","M","?","M","M","?","R","M","E"],"build_version":"2022-12-18","purchased_purges":1,"victory":false,"max_hp_per_floor":[68,68,68,68,68,68,68,68,68,75,75,75,75,75,75,75,75,75,75,80,80,80,80,80,80],"card_choices":[{"not_picked":["Evaluate","Halt"],"picked":"EmptyFist","floor":1},{"not_picked":["SashWhip","Perseverance"],"picked":"Vengeance","floor":2},{"not_picked":["Protect","WreathOfFlame","Prostrate"],"picked":"SKIP","floor":3},{"not_picked":["EmptyBody","Prostrate"],"picked":"BowlingBash","floor":4},{"not_picked":["SignatureMove","Crescendo"],"picked":"CutThroughFate","floor":7},{"not_picked":["SignatureMove","Consecrate","WindmillStrike"],"picked":"SKIP","floor":8},{"not_picked":["ClearTheMind","JustLucky","Omniscience"],"picked":"SKIP","floor":10},{"not_picked":["Conclude","Weave","FollowUp"],"picked":"SKIP","floor":11},{"not_picked":["Conclude","Weave","FollowUp"],"picked":"SKIP","floor":11},{"not_picked":["Sanctity","BowlingBash"],"picked":"MentalFortress","floor":12},{"not_picked":["BowlingBash","EmptyFist"],"picked":"Meditate","floor":13},{"not_picked":["DevaForm+1","Wish"],"picked":"Establishment+1","floor":16},{"not_picked":["ThirdEye","WreathOfFlame+1","EmptyBody"],"picked":"SKIP","floor":18},{"not_picked":["ClearTheMind","EmptyBody"],"picked":"CrushJoints","floor":20},{"not_picked":["WindmillStrike","Wallop","Worship"],"picked":"SKIP","floor":21},{"not_picked":["Collect","CutThroughFate","Crescendo"],"picked":"SKIP","floor":22},{"not_picked":["Wallop","Meditate"],"picked":"MentalFortress+1","floor":24}],"player_experience":1223981,"relics_obtained":[{"floor":7,"key":"Regal Pillow"},{"floor":9,"key":"TeardropLocket"},{"floor":10,"key":"Strawberry"},{"floor":13,"key":"Frozen Egg 2"}],"event_choices":[{"damage_healed":0,"gold_gain":0,"player_choice":"Entered Light","damage_taken":23,"max_hp_gain":0,"max_hp_loss":0,"event_name":"Shining Light","floor":14,"gold_loss":0,"cards_upgraded":["Meditate","MentalFortress"]},{"damage_healed":0,"gold_gain":0,"player_choice":"Bought 1 Potion","damage_taken":0,"max_hp_gain":0,"max_hp_loss":0,"event_name":"The Woman in Blue","floor":19,"gold_loss":0}],"is_beta":false,"boss_relics":[{"not_picked":["Pandora\u0027s Box","Busted Crown"],"picked":"VioletLotus"}],"items_purged_floors":[5],"is_endless":false,"potions_floor_spawned":[4,7,10,12,13,20],"killed_by":"Slavers","ascension_level":20}