{"gold_per_floor":[110,110,135,35,59,59,78,119,119,119],"floor_reached":10,"playtime":280,"items_purged":["Defend_P"],"score":136,"play_id":"cb106749-acd0-4d8c-9237-374b5d78bf66","local_time":"20240110175501","is_ascension_mode":true,"campfire_choices":[{"data":"Eruption","floor":6,"key":"SMITH"}],"neow_cost":"TEN_PERCENT_HP_LOSS","seed_source_timestamp":34527399968300,"circlet_count":0,"master_deck":["AscendersBane","Strike_P","Strike_P","Strike_P","Strike_P","Defend_P","Defend_P","Defend_P","Eruption+1","Vigilance","Metamorphosis","Wallop","CutThroughFate","FollowUp","SandsOfTime","CrushJoints"],"relics":["PureWater","Golden Idol","Thread and Needle"],"potions_floor_usage":[],"damage_taken":[{"damage":0,"enemies":"Cultist","floor":1,"turns":2},{"damage":3,"enemies":"2 Louse","floor":3,"turns":4},{"damage":0,"enemies":"Jaw Worm","floor":5,"turns":3},{"damage":0,"enemies":"Looter","floor":7,"turns":2},{"damage":17,"enemies":"3 Sentries","floor":8,"turns":4},{"damage":24,"enemies":"Gremlin Nob","floor":10,"turns":3}],"seed_played":"-1258347437089685587","potions_obtained":[{"floor":1,"key":"Ancient Potion"}],"is_trial":false,"path_per_floor":["M","?","M","$","M","R","M","E","T","E"],"character_chosen":"WATCHER","items_purchased":["CutThroughFate"],"campfire_rested":0,"item_purchase_floors":[4],"current_hp_per_floor":[61,40,37,37,37,37,37,20,20,0],"gold":119,"neow_bonus":"RANDOM_COLORLESS_2","is_prod":false,"is_daily":false,"chose_seed":false,"campfire_upgraded":1,"win_rate":0,"timestamp":1704938101,"path_taken":["M","?","M","$","M","R","M","E","T","E"],"build_version":"2022-12-18","purchased_purges":1,"victory":false,"max_hp_per_floor":[62,62,62,62,62,62,62,62,62,62],"card_choices":[{"not_picked":["Mayhem","Transmutation"],"picked":"Metamorphosis","floor":0},{"not_picked":["Collect","Halt","SashWhip"],"picked":"SKIP","floor":1},{"not_picked":["FollowUp","ClearTheMind"],"picked":"Wallop","floor":3},{"not_picked":["FlyingSleeves","Crescendo"],"picked":"FollowUp","floor":5},{"not_picked":["FlyingSleeves","Crescendo"],"picked":"SandsOfTime","floor":7},{"not_picked":["SashWhip","EmptyBody"],"picked":"CrushJoints","floor":8}],"player_experience":1228729,"relics_obtained":[{"floor":8,"key":"Thread and Needle"}],"event_choices":[{"damage_healed":0,"gold_gain":0,"player_choice":"Take Damage","damage_taken":21,"relics_obtained":["Golden Idol"],"max_hp_gain":0,"max_hp_loss":0,"event_name":"Golden Idol","floor":2,"gold_loss":0}],"is_beta":false,"boss_relics":[],"items_purged_floors":[4],"is_endless":false,"potions_floor_spawned":[1],"killed_by":"Gremlin Nob","ascension_level":20}