{"gold_per_floor":[114,39,39,54,73,100,100,59,141,174,189,215,226,244,244,322,322,336,336,13,28,41,41,74,74,97,97,97,117,133,165,165,239,239,258,271,271,271,283,283,313,76,76,93,93,112,0,32,32,32,32,32,32,2,29,29],"floor_reached":56,"playtime":2426,"items_purged":["Strike_P","Defend_P","Strike_P"],"score":2184,"play_id":"d193c7b1-8f47-438b-ba94-c03a9a054929","local_time":"20240111031341","is_ascension_mode":true,"campfire_choices":[{"data":"EmptyFist","floor":7.0,"key":"SMITH"},{"data":"1","floor":15.0,"key":"LIFT"},{"data":"2","floor":23.0,"key":"LIFT"},{"data":"3","floor":27.0,"key":"LIFT"},{"floor":32.0,"key":"REST"},{"floor":40.0,"key":"RECALL"},{"floor":45.0,"key":"REST"},{"floor":49.0,"key":"REST"},{"floor":53.0,"key":"REST"}],"neow_cost":"TEN_PERCENT_HP_LOSS","seed_source_timestamp":65596032975300,"circlet_count":0,"master_deck":["AscendersBane","Strike_P+1","Strike_P","Defend_P+1","Eruption","Vigilance+1","DeusExMachina+1","Tantrum","EmptyFist+1","Meditate+1","Wallop","CutThroughFate+1","ThirdEye","Vault+1","Halt+1","FlurryOfBlows","TalkToTheHand","Scrawl+1","Halt+1","Adaptation","LessonLearned+1","FlurryOfBlows","FearNoEvil+1","InnerPeace","MentalFortress","Tantrum","CutThroughFate"],"special_seed":0,"relics":["PureWater","Potion Belt","StrikeDummy","Shuriken","Girya","Fusion Hammer","Bag of Marbles","Kunai","Anchor","Cursed Key","Red Mask","War Paint","Bottled Lightning"],"potions_floor_usage":[56,56,56],"damage_taken":[{"damage":0.0,"enemies":"Small Slimes","floor":1.0,"turns":2.0},{"damage":0.0,"enemies":"Cultist","floor":4.0,"turns":2.0},{"damage":1.0,"enemies":"2 Louse","floor":5.0,"turns":2.0},{"damage":22.0,"enemies":"3 Sentries","floor":6.0,"turns":7.0},{"damage":0.0,"enemies":"Gremlin Nob","floor":10.0,"turns":3.0},{"damage":0.0,"enemies":"Exordium Thugs","floor":11.0,"turns":2.0},{"damage":1.0,"enemies":"3 Sentries","floor":12.0,"turns":3.0},{"damage":9.0,"enemies":"2 Fungi Beasts","floor":13.0,"turns":2.0},{"damage":4.0,"enemies":"Exordium Wildlife","floor":14.0,"turns":2.0},{"damage":8.0,"enemies":"Hexaghost","floor":16.0,"turns":6.0},{"damage":4.0,"enemies":"Shell Parasite","floor":18.0,"turns":3.0},{"damage":0.0,"enemies":"Chosen","floor":21.0,"turns":2.0},{"damage":0.0,"enemies":"Snake Plant","floor":22.0,"turns":2.0},{"damage":0.0,"enemies":"Book of Stabbing","floor":24.0,"turns":3.0},{"damage":0.0,"enemies":"Chosen and Byrds","floor":29.0,"turns":3.0},{"damage":15.0,"enemies":"Centurion and Healer","floor":30.0,"turns":3.0},{"damage":6.0,"enemies":"Gremlin Leader","floor":31.0,"turns":3.0},{"damage":0.0,"enemies":"Automaton","floor":33.0,"turns":6.0},{"damage":0.0,"enemies":"Orb Walker","floor":35.0,"turns":4.0},{"damage":1.0,"enemies":"3 Shapes","floor":36.0,"turns":3.0},{"damage":0.0,"enemies":"Writhing Mass","floor":39.0,"turns":4.0},{"damage":29.0,"enemies":"Nemesis","floor":41.0,"turns":6.0},{"damage":0.0,"enemies":"4 Shapes","floor":44.0,"turns":5.0},{"damage":0.0,"enemies":"Transient","floor":46.0,"turns":6.0},{"damage":0.0,"enemies":"Giant Head","floor":48.0,"turns":4.0},{"damage":29.0,"enemies":"Time Eater","floor":50.0,"turns":7.0},{"damage":13.0,"enemies":"Donu and Deca","floor":51.0,"turns":4.0},{"damage":22.0,"enemies":"Shield and Spear","floor":55.0,"turns":4.0},{"damage":12,"enemies":"The Heart","floor":56,"turns":3}],"seed_played":"4853627470748556068","potions_obtained":[{"floor":3.0,"key":"Strength Potion"},{"floor":3.0,"key":"Energy Potion"},{"floor":4.0,"key":"LiquidMemories"},{"floor":10.0,"key":"StancePotion"},{"floor":11.0,"key":"Weak Potion"},{"floor":12.0,"key":"BlessingOfTheForge"},{"floor":16.0,"key":"SkillPotion"},{"floor":18.0,"key":"Strength Potion"},{"floor":22.0,"key":"Block Potion"},{"floor":31.0,"key":"Strength Potion"},{"floor":55.0,"key":"Regen Potion"}],"is_trial":false,"path_per_floor":["M","$","?","M","M","E","R","$","T","E","M","E","M","M","R","B",null,"M","?","$","M","M","R","E","?","T","R","?","M","M","E","R","B",null,"M","M","?","T","M","R","E","$","T","M","R","M","?","E","R","B","B",null,"R","$","E","B"],"character_chosen":"WATCHER","items_purchased":["Wallop","Bag of Marbles","FlurryOfBlows","CultistPotion","CutThroughFate"],"campfire_rested":4,"item_purchase_floors":[8,20,20,42,54],"current_hp_per_floor":[61,61,61,61,60,38,38,38,38,38,38,37,28,24,24,16,51,47,47,47,47,47,47,47,47,47,47,47,47,32,26,44,44,58,58,57,57,57,57,57,28,28,28,28,45,45,45,45,59,30,17,49,59,59,37,30],"gold":29,"neow_bonus":"TRANSFORM_TWO_CARDS","is_prod":false,"is_daily":false,"chose_seed":false,"campfire_upgraded":1,"win_rate":0,"timestamp":1704971621,"path_taken":["M","$","?","M","M","E","R","$","T","E","M","E","M","M","R","BOSS","M","?","$","M","?","R","E","?","T","R","?","M","?","E","R","BOSS","M","M","?","?","M","R","E","$","T","M","R","M","?","E","R","BOSS","BOSS","R","$","E","BOSS"],"build_version":"2022-12-18","purchased_purges":3,"victory":false,"max_hp_per_floor":[62,62,62,62,62,62,62,62,62,62,62,62,62,62,62,62,62,62,62,62,62,62,62,62,62,62,62,62,62,62,62,62,62,62,62,62,59,59,59,59,59,59,59,59,59,59,59,59,59,59,59,59,59,59,59,59],"card_choices":[{"not_picked":["JustLucky","ThirdEye"],"picked":"EmptyFist","floor":1.0},{"not_picked":["Crescendo","Protect","EmptyFist"],"picked":"SKIP","floor":4.0},{"not_picked":["Study","Protect","JustLucky"],"picked":"SKIP","floor":5.0},{"not_picked":["PathToVictory","Pray"],"picked":"Meditate","floor":6.0},{"not_picked":["Omniscience","WindmillStrike","ForeignInfluence"],"picked":"SKIP","floor":10.0},{"not_picked":["Consecrate","Indignation"],"picked":"CutThroughFate","floor":11.0},{"not_picked":["DeceiveReality","BowlingBash","WheelKick"],"picked":"SKIP","floor":12.0},{"not_picked":["Fasting2","Weave"],"picked":"ThirdEye","floor":13.0},{"not_picked":["Consecrate","Crescendo","Weave"],"picked":"SKIP","floor":14.0},{"not_picked":["Alpha","Establishment"],"picked":"Vault","floor":16.0},{"not_picked":["CutThroughFate+1","BowlingBash"],"picked":"Halt+1","floor":18.0},{"not_picked":["SashWhip+1","Consecrate"],"picked":"TalkToTheHand","floor":21.0},{"not_picked":["Nirvana","FlyingSleeves"],"picked":"Scrawl","floor":22.0},{"not_picked":["WreathOfFlame","Tantrum"],"picked":"Halt","floor":24.0},{"not_picked":["EmptyFist","PathToVictory","Swivel+1"],"picked":"SKIP","floor":29.0},{"not_picked":["PathToVictory","Pray"],"picked":"Adaptation","floor":30.0},{"not_picked":["SashWhip","Evaluate","Wireheading"],"picked":"SKIP","floor":31.0},{"not_picked":["Devotion","Blasphemy"],"picked":"LessonLearned","floor":33.0},{"not_picked":["CutThroughFate","Evaluate"],"picked":"FlurryOfBlows","floor":35.0},{"not_picked":["EmptyFist+1","FlurryOfBlows","Evaluate+1"],"picked":"SKIP","floor":36.0},{"not_picked":["Wish","Prostrate"],"picked":"FearNoEvil","floor":39.0},{"not_picked":["ThirdEye","Perseverance"],"picked":"InnerPeace","floor":41.0},{"not_picked":["ThirdEye","Conclude+1"],"picked":"MentalFortress","floor":44.0},{"not_picked":["LikeWater","JustLucky","DeceiveReality"],"picked":"SKIP","floor":46.0},{"not_picked":["SashWhip","EmptyFist+1"],"picked":"Tantrum","floor":48.0},{"not_picked":["FlurryOfBlows","WreathOfFlame","LessonLearned"],"picked":"SKIP","floor":55.0}],"player_experience":1230142,"relics_obtained":[{"floor":6.0,"key":"Potion Belt"},{"floor":9.0,"key":"StrikeDummy"},{"floor":10.0,"key":"Shuriken"},{"floor":12.0,"key":"Girya"},{"floor":24.0,"key":"Kunai"},{"floor":31.0,"key":"Anchor"},{"floor":48.0,"key":"War Paint"},{"floor":55.0,"key":"Bottled Lightning"}],"event_choices":[{"damage_healed":0.0,"max_hp_gain":0.0,"max_hp_loss":0.0,"gold_gain":0.0,"event_name":"Lab","player_choice":"Got Potions","floor":3.0,"gold_loss":0.0,"damage_taken":0.0},{"damage_healed":0.0,"max_hp_gain":0.0,"max_hp_loss":0.0,"gold_gain":0.0,"event_name":"Upgrade Shrine","player_choice":"Upgraded","floor":19.0,"gold_loss":0.0,"damage_taken":0.0,"cards_upgraded":["Meditate"]},{"damage_healed":0.0,"max_hp_gain":0.0,"max_hp_loss":0.0,"gold_gain":0.0,"event_name":"The Mausoleum","player_choice":"Ignored","floor":28.0,"gold_loss":0.0,"damage_taken":0.0},{"damage_healed":0.0,"max_hp_gain":0.0,"max_hp_loss":3.0,"gold_gain":0.0,"event_name":"Winding Halls","player_choice":"Max HP","floor":37.0,"gold_loss":0.0,"damage_taken":0.0},{"damage_healed":0.0,"max_hp_gain":0.0,"max_hp_loss":0.0,"gold_gain":0.0,"event_name":"Tomb of Lord Red Mask","player_choice":"Paid","floor":47.0,"gold_loss":112.0,"damage_taken":0.0,"relics_obtained":["Red Mask"]}],"is_beta":false,"boss_relics":[{"not_picked":["Runic Dome","Empty Cage"],"picked":"Fusion Hammer"},{"not_picked":["Tiny House","Black Star"],"picked":"Cursed Key"}],"items_purged_floors":[2,20,42],"is_endless":false,"potions_floor_spawned":[4,10,11,12,16,18,22,31,35,44,55],"killed_by":"The Heart","ascension_level":20}