{"gold_per_floor":[116,266,51,51,70,103,120,163,186,186,59,94,94,115,115,191,191,213,222,232,122,148,148,172,212,212,226,226],"floor_reached":28,"playtime":873,"items_purged":["Doubt","Defend_P"],"score":616,"play_id":"94beef1b-9b09-4f7c-a6a8-781a450bfaa3","local_time":"20240110161233","is_ascension_mode":true,"campfire_choices":[{"data":"Eruption","floor":10,"key":"SMITH"},{"data":"CrushJoints","floor":15,"key":"SMITH"},{"floor":23,"key":"REST"}],"neow_cost":"NONE","seed_source_timestamp":27786608238600,"circlet_count":0,"master_deck":["AscendersBane","Strike_P","Strike_P","Defend_P","Eruption+1","Vigilance","CrushJoints+1","MentalFortress","EmptyMind","Meditate","ReachHeaven+1","InnerPeace","WheelKick","Meditate+1","FearNoEvil","RitualDagger","FlurryOfBlows","Consecrate+1","LessonLearned"],"relics":["PureWater","NeowsBlessing","Happy Flower","CeramicFish","Blood Vial","Sundial","Empty Cage","The Courier","Eternal Feather"],"potions_floor_usage":[8,12,12,14,20,25,28],"damage_taken":[{"damage":0,"enemies":"Jaw Worm","floor":1,"turns":1},{"damage":0,"enemies":"2 Louse","floor":5,"turns":1},{"damage":0,"enemies":"3 Sentries","floor":6,"turns":1},{"damage":1,"enemies":"Cultist","floor":7,"turns":4},{"damage":12,"enemies":"Lagavulin","floor":8,"turns":5},{"damage":0,"enemies":"Gremlin Nob","floor":12,"turns":2},{"damage":2,"enemies":"Exordium Thugs","floor":14,"turns":3},{"damage":36,"enemies":"Hexaghost","floor":16,"turns":6},{"damage":16,"enemies":"Chosen","floor":18,"turns":5},{"damage":20,"enemies":"Spheric Guardian","floor":20,"turns":4},{"damage":0,"enemies":"3 Cultists","floor":22,"turns":3},{"damage":11,"enemies":"Snake Plant","floor":24,"turns":2},{"damage":16,"enemies":"Gremlin Leader","floor":25,"turns":5},{"damage":0,"enemies":"Sentry and Sphere","floor":27,"turns":3},{"damage":29,"enemies":"Slavers","floor":28,"turns":1}],"seed_played":"-4297998009493427135","potions_obtained":[{"floor":1,"key":"Strength Potion"},{"floor":7,"key":"EntropicBrew"},{"floor":12,"key":"Explosive Potion"},{"floor":16,"key":"ColorlessPotion"},{"floor":20,"key":"Block Potion"}],"is_trial":false,"path_per_floor":["M","?","$","?","M","E","M","E","T","R","$","E","$","M","R","B",null,"M","?","M","?","M","R","M","E","T","M","E"],"character_chosen":"WATCHER","items_purchased":["CrushJoints","MentalFortress","InnerPeace"],"campfire_rested":1,"item_purchase_floors":[3,3,11],"current_hp_per_floor":[61,61,61,54,54,54,53,41,41,41,41,43,43,43,43,9,53,39,33,15,15,17,37,28,14,14,16,0],"gold":226,"neow_bonus":"THREE_ENEMY_KILL","is_prod":false,"is_daily":false,"chose_seed":false,"campfire_upgraded":2,"win_rate":0,"timestamp":1704931953,"path_taken":["M","?","$","?","M","E","M","E","T","R","$","E","?","M","R","BOSS","M","?","M","?","M","R","M","E","T","M","E"],"build_version":"2022-12-18","purchased_purges":2,"victory":false,"max_hp_per_floor":[68,68,68,68,68,68,68,68,68,68,68,68,68,68,68,68,68,68,68,68,68,68,68,68,68,68,68,68],"card_choices":[{"not_picked":["WaveOfTheHand","Crescendo","Consecrate"],"picked":"SKIP","floor":1},{"not_picked":["Nirvana","Wireheading"],"picked":"EmptyMind","floor":5},{"not_picked":["Prostrate","Halt","CrushJoints"],"picked":"SKIP","floor":6},{"not_picked":["FlyingSleeves","Indignation"],"picked":"Meditate","floor":7},{"not_picked":["Meditate","EmptyBody"],"picked":"ReachHeaven","floor":8},{"not_picked":["ThirdEye","Fasting2"],"picked":"WheelKick","floor":12},{"not_picked":["Prostrate","FlyingSleeves"],"picked":"Meditate","floor":14},{"not_picked":["Consecrate","Prostrate"],"picked":"FearNoEvil","floor":18},{"not_picked":["Consecrate","Fasting2","ThirdEye"],"picked":"SKIP","floor":20},{"not_picked":["Halt","JustLucky"],"picked":"FlurryOfBlows","floor":22},{"not_picked":["EmptyFist","ThirdEye"],"picked":"Consecrate+1","floor":24},{"not_picked":["Perseverance","Wallop"],"picked":"LessonLearned","floor":25},{"not_picked":["PathToVictory","WheelKick","Protect"],"picked":"SKIP","floor":27}],"player_experience":1223108,"relics_obtained":[{"floor":6,"key":"Happy Flower"},{"floor":8,"key":"CeramicFish"},{"floor":9,"key":"Blood Vial"},{"floor":12,"key":"Sundial"},{"floor":25,"key":"The Courier"},{"floor":26,"key":"Eternal Feather"}],"event_choices":[{"damage_healed":0,"gold_gain":150,"player_choice":"AGREE","damage_taken":0,"max_hp_gain":0,"max_hp_loss":0,"event_name":"Liars Game","floor":2,"gold_loss":0,"cards_obtained":["Doubt"]},{"cards_removed":["Defend_P"],"damage_healed":0,"gold_gain":0,"player_choice":"Card Removal","damage_taken":7,"max_hp_gain":0,"max_hp_loss":0,"event_name":"Golden Wing","floor":4,"gold_loss":0},{"damage_healed":0,"gold_gain":0,"player_choice":"Joined the Cult","damage_taken":6,"max_hp_gain":0,"max_hp_loss":0,"event_name":"Nest","floor":19,"gold_loss":0,"cards_obtained":["RitualDagger"]},{"cards_removed":["Strike_P"],"damage_healed":0,"gold_gain":0,"player_choice":"Upgrade and Remove","damage_taken":0,"max_hp_gain":0,"max_hp_loss":0,"event_name":"Designer","floor":21,"gold_loss":110,"cards_upgraded":["Meditate"]}],"is_beta":false,"boss_relics":[{"not_picked":["Pandora\u0027s Box","Astrolabe"],"picked":"Empty Cage"}],"items_purged_floors":[3,11],"is_endless":false,"potions_floor_spawned":[1,7,12,16,18,20,22],"killed_by":"Slavers","ascension_level":20}