{"gold_per_floor":[110,123,137,149,167,167,182,199,199,224,242,18,18],"floor_reached":13,"playtime":555,"items_purged":["Defend_P"],"score":182,"play_id":"78ed226f-0f49-45ee-9604-c3ad7ba0d440","local_time":"20240110111925","is_ascension_mode":true,"campfire_choices":[{"data":"Eruption","floor":6,"key":"SMITH"}],"neow_cost":"NONE","seed_source_timestamp":10516745397400,"circlet_count":0,"master_deck":["AscendersBane","Strike_P","Strike_P","Strike_P","Strike_P","Defend_P","Defend_P","Eruption+1","Vigilance","Study","CrushJoints","Tantrum","FlurryOfBlows","WheelKick","Halt","EmptyFist","Adaptation+1"],"relics":["PureWater","Frozen Egg 2","TungstenRod"],"potions_floor_usage":[4,7,10,13,13],"damage_taken":[{"damage":4,"enemies":"Cultist","floor":1,"turns":5},{"damage":6,"enemies":"Jaw Worm","floor":2,"turns":3},{"damage":14,"enemies":"2 Louse","floor":3,"turns":4},{"damage":0,"enemies":"Exordium Wildlife","floor":4,"turns":1},{"damage":20,"enemies":"Lots of Slimes","floor":5,"turns":5},{"damage":1,"enemies":"3 Louse","floor":7,"turns":2},{"damage":0,"enemies":"Large Slime","floor":8,"turns":2},{"damage":8,"enemies":"3 Sentries","floor":10,"turns":3},{"damage":0,"enemies":"Exordium Wildlife","floor":11,"turns":3},{"damage":19,"enemies":"Lagavulin","floor":13,"turns":4}],"seed_played":"8243736801478670779","potions_obtained":[{"floor":2,"key":"SteroidPotion"},{"floor":5,"key":"AttackPotion"},{"floor":7,"key":"Energy Potion"},{"floor":10,"key":"GamblersBrew"}],"is_trial":false,"path_per_floor":["M","M","M","M","M","R","M","M","T","E","M","$","E"],"character_chosen":"WATCHER","items_purchased":["Adaptation+1","Fruit Juice"],"campfire_rested":0,"item_purchase_floors":[12,12],"current_hp_per_floor":[57,51,37,37,17,17,16,16,16,8,8,8,0],"gold":18,"neow_bonus":"TRANSFORM_CARD","is_prod":false,"is_daily":false,"chose_seed":false,"campfire_upgraded":1,"win_rate":0,"timestamp":1704914365,"path_taken":["M","M","?","M","M","R","M","M","T","E","M","$","E"],"build_version":"2022-12-18","purchased_purges":1,"victory":false,"max_hp_per_floor":[68,68,68,68,68,68,68,68,68,68,68,68,73],"card_choices":[{"not_picked":["EmptyBody","Fasting2"],"picked":"CrushJoints","floor":1},{"not_picked":["ReachHeaven","Consecrate"],"picked":"Tantrum","floor":2},{"not_picked":["SashWhip","FlurryOfBlows","Halt"],"picked":"SKIP","floor":3},{"not_picked":["LikeWater","Halt"],"picked":"FlurryOfBlows","floor":4},{"not_picked":["FlyingSleeves","SpiritShield","ForeignInfluence"],"picked":"SKIP","floor":5},{"not_picked":["PathToVictory","Swivel"],"picked":"WheelKick","floor":7},{"not_picked":["Tantrum","Perseverance"],"picked":"Halt","floor":8},{"not_picked":["Prostrate","Tantrum"],"picked":"EmptyFist","floor":10},{"not_picked":["FlyingSleeves","FollowUp","Ragnarok"],"picked":"SKIP","floor":11}],"player_experience":1222553,"relics_obtained":[{"floor":9,"key":"Frozen Egg 2"},{"floor":10,"key":"TungstenRod"}],"event_choices":[],"is_beta":false,"boss_relics":[],"items_purged_floors":[12],"is_endless":false,"potions_floor_spawned":[2,5,7,10],"killed_by":"Lagavulin","ascension_level":20}