{"gold_per_floor":[118,138,149,165,179,179,204,204,204,204,233,249,295,325,325,398,398,412,164,176,190,115,115,149,149,203,240,268,280,306,332,344,356],"floor_reached":33,"playtime":1206,"items_purged":["Defend_P"],"score":768,"play_id":"7b66a68c-7d0c-4fff-ad1e-0b350789d0df","local_time":"20240110164956","is_ascension_mode":true,"campfire_choices":[{"data":"EmptyFist","floor":6,"key":"SMITH"},{"floor":8,"key":"REST"},{"data":"Adaptation","floor":10,"key":"SMITH"},{"floor":15,"key":"REST"},{"data":"CrushJoints","floor":23,"key":"SMITH"},{"floor":25,"key":"REST"},{"data":"MentalFortress","floor":29,"key":"SMITH"},{"data":"Halt","floor":32,"key":"SMITH"}],"neow_cost":"NONE","seed_source_timestamp":29694672870700,"circlet_count":0,"master_deck":["AscendersBane","Strike_P","Strike_P","Strike_P","Strike_P","Defend_P","Defend_P","Eruption+1","Vigilance","EmptyFist+1","Adaptation+1","CarveReality","Halt+1","MentalFortress+1","CrushJoints+1","TalkToTheHand","BowlingBash+1"],"relics":["PureWater","WingedGreaves","Bag of Marbles","Bag of Preparation","Happy Flower","Shuriken","Runic Pyramid","Orichalcum","Art of War","MawBank","Meat on the Bone"],"potions_floor_usage":[5,7,11,24],"damage_taken":[{"damage":2,"enemies":"Cultist","floor":1,"turns":3},{"damage":0,"enemies":"Jaw Worm","floor":2,"turns":3},{"damage":4,"enemies":"Small Slimes","floor":3,"turns":5},{"damage":16,"enemies":"Exordium Wildlife","floor":4,"turns":5},{"damage":3,"enemies":"Blue Slaver","floor":5,"turns":2},{"damage":32,"enemies":"Gremlin Nob","floor":7,"turns":4},{"damage":12,"enemies":"Lagavulin","floor":11,"turns":4},{"damage":0,"enemies":"2 Fungi Beasts","floor":12,"turns":1},{"damage":0,"enemies":"Gremlin Nob","floor":14,"turns":1},{"damage":0,"enemies":"Hexaghost","floor":16,"turns":6},{"damage":8,"enemies":"3 Byrds","floor":18,"turns":6},{"damage":0,"enemies":"Chosen","floor":20,"turns":3},{"damage":7,"enemies":"Centurion and Healer","floor":21,"turns":3},{"damage":26,"enemies":"Book of Stabbing","floor":24,"turns":4},{"damage":31,"enemies":"Slavers","floor":27,"turns":7},{"damage":0,"enemies":"Snecko","floor":28,"turns":3},{"damage":16,"enemies":"Snake Plant","floor":30,"turns":2},{"damage":0,"enemies":"Sentry and Sphere","floor":31,"turns":1},{"damage":38,"enemies":"Automaton","floor":33,"turns":6}],"seed_played":"5379570138900193834","potions_obtained":[{"floor":1,"key":"SpeedPotion"},{"floor":4,"key":"Ancient Potion"},{"floor":5,"key":"LiquidMemories"},{"floor":7,"key":"PowerPotion"},{"floor":12,"key":"SmokeBomb"},{"floor":18,"key":"BottledMiracle"},{"floor":31,"key":"Fire Potion"}],"is_trial":false,"path_per_floor":["M","M","M","M","M","R","E","R","T","R","E","M","T","E","R","B",null,"M","$","M","M","?","R","E","R","T","E","M","R","M","M","R","B"],"character_chosen":"WATCHER","items_purchased":["Orichalcum"],"campfire_rested":3,"item_purchase_floors":[19],"current_hp_per_floor":[59,59,55,39,36,36,4,24,24,24,12,12,12,12,32,32,59,51,51,51,44,44,44,18,38,38,7,19,19,15,27,27,0],"gold":356,"neow_bonus":"UPGRADE_CARD","is_prod":false,"is_daily":false,"chose_seed":false,"campfire_upgraded":5,"win_rate":0,"timestamp":1704934196,"path_taken":["M","?","M","M","?","R","E","R","T","R","E","M","?","E","R","BOSS","M","$","M","M","?","R","E","R","T","E","M","R","M","M","R","BOSS"],"build_version":"2022-12-18","purchased_purges":1,"victory":false,"max_hp_per_floor":[68,68,68,68,68,68,68,68,68,68,68,68,68,68,68,68,68,68,68,68,68,68,68,68,68,68,68,68,68,68,68,68,68],"card_choices":[{"not_picked":["Nirvana","WindmillStrike","FlyingSleeves"],"picked":"SKIP","floor":1},{"not_picked":["JustLucky","Collect"],"picked":"EmptyFist","floor":2},{"not_picked":["Protect","Crescendo","PathToVictory"],"picked":"SKIP","floor":3},{"not_picked":["JustLucky","Prostrate","LikeWater"],"picked":"SKIP","floor":4},{"not_picked":["Collect","Protect"],"picked":"Adaptation","floor":5},{"not_picked":["BattleHymn","ThirdEye","SpiritShield"],"picked":"SKIP","floor":7},{"not_picked":["BattleHymn","FlyingSleeves"],"picked":"CarveReality","floor":11},{"not_picked":["FlurryOfBlows","SignatureMove"],"picked":"Halt","floor":12},{"not_picked":["LikeWater","Pray"],"picked":"MentalFortress","floor":14},{"not_picked":["LikeWater","ThirdEye","Swivel+1"],"picked":"SKIP","floor":18},{"not_picked":["FlyingSleeves","ClearTheMind"],"picked":"CrushJoints","floor":20},{"not_picked":["EmptyFist","BowlingBash"],"picked":"TalkToTheHand","floor":21},{"not_picked":["DevaForm","CarveReality","Fasting2"],"picked":"SKIP","floor":24},{"not_picked":["SashWhip","Conclude+1","BowlingBash"],"picked":"SKIP","floor":27},{"not_picked":["Prostrate","Crescendo","BowlingBash+1"],"picked":"SKIP","floor":28},{"not_picked":["Prostrate","Crescendo"],"picked":"BowlingBash+1","floor":28},{"not_picked":["Worship","FollowUp+1","SashWhip"],"picked":"SKIP","floor":30},{"not_picked":["Vengeance","Consecrate+1","Fasting2"],"picked":"SKIP","floor":31}],"player_experience":1224861,"relics_obtained":[{"floor":7,"key":"WingedGreaves"},{"floor":9,"key":"Bag of Marbles"},{"floor":11,"key":"Bag of Preparation"},{"floor":13,"key":"Happy Flower"},{"floor":14,"key":"Shuriken"},{"floor":24,"key":"Art of War"},{"floor":26,"key":"MawBank"},{"floor":27,"key":"Meat on the Bone"}],"event_choices":[{"cards_removed":["Defend_P"],"damage_healed":0,"gold_gain":0,"player_choice":"Gave Gold","damage_taken":0,"max_hp_gain":0,"max_hp_loss":0,"event_name":"Beggar","floor":22,"gold_loss":75}],"is_beta":false,"boss_relics":[{"not_picked":["Cursed Key","SlaversCollar"],"picked":"Runic Pyramid"}],"items_purged_floors":[19],"is_endless":false,"potions_floor_spawned":[1,4,5,7,12,18,20,31],"killed_by":"Automaton","ascension_level":20}