{"gold_per_floor":[116,126,15,15,90,90,118,118,118,152,220,234,259,259,259,259],"floor_reached":16,"playtime":447,"items_purged":["Defend_P"],"score":232,"play_id":"a7e6f23e-9033-4154-836c-8f7d10a3f03e","local_time":"20240110181049","is_ascension_mode":true,"campfire_choices":[{"floor":6,"key":"REST"},{"floor":15,"key":"REST"}],"neow_cost":"NONE","seed_source_timestamp":35308727155600,"circlet_count":0,"master_deck":["AscendersBane","Strike_P","Strike_P","Strike_P","Strike_P","Defend_P+1","Defend_P","Defend_P","Eruption+1","Vigilance","FlurryOfBlows+1","InnerPeace","LessonLearned","Wallop","EmptyMind"],"relics":["PureWater","Juzu Bracelet","Strawberry","Tiny Chest","Golden Idol"],"potions_floor_usage":[7],"damage_taken":[{"damage":2,"enemies":"Jaw Worm","floor":1,"turns":5},{"damage":1,"enemies":"Small Slimes","floor":2,"turns":4},{"damage":14,"enemies":"3 Sentries","floor":7,"turns":7},{"damage":11,"enemies":"Gremlin Nob","floor":10,"turns":3},{"damage":0,"enemies":"2 Louse","floor":12,"turns":2},{"damage":33,"enemies":"3 Sentries","floor":13,"turns":8},{"damage":31,"enemies":"Slime Boss","floor":16,"turns":9}],"seed_played":"-3478403904862925824","potions_obtained":[{"floor":1,"key":"PowerPotion"}],"is_trial":false,"path_per_floor":["M","M","$","?","?","R","E","?","T","E","?","M","E","?","R","B"],"character_chosen":"WATCHER","items_purchased":["InnerPeace"],"campfire_rested":2,"item_purchase_floors":[3],"current_hp_per_floor":[65,64,64,42,31,53,39,39,39,35,35,35,2,2,23,0],"gold":259,"neow_bonus":"TEN_PERCENT_HP_BONUS","is_prod":false,"is_daily":false,"chose_seed":false,"campfire_upgraded":0,"win_rate":0,"timestamp":1704939049,"path_taken":["M","M","$","?","?","R","E","?","T","E","?","M","E","?","R","BOSS"],"build_version":"2022-12-18","purchased_purges":1,"victory":false,"max_hp_per_floor":[74,74,74,74,74,74,74,74,74,81,81,81,81,73,73,73],"card_choices":[{"not_picked":["Worship","PathToVictory","Protect"],"picked":"SKIP","floor":1},{"not_picked":["Perseverance","CutThroughFate"],"picked":"FlurryOfBlows","floor":2},{"not_picked":["CutThroughFate","Perseverance"],"picked":"LessonLearned","floor":7},{"not_picked":["Collect","WreathOfFlame","FlyingSleeves"],"picked":"SKIP","floor":10},{"not_picked":["Protect","ForeignInfluence"],"picked":"Wallop","floor":12},{"not_picked":["ForeignInfluence","BowlingBash"],"picked":"EmptyMind","floor":13}],"player_experience":1229009,"relics_obtained":[{"floor":7,"key":"Juzu Bracelet"},{"floor":10,"key":"Strawberry"},{"floor":13,"key":"Tiny Chest"}],"event_choices":[{"damage_healed":0,"gold_gain":0,"player_choice":"Entered Light","damage_taken":22,"max_hp_gain":0,"max_hp_loss":0,"event_name":"Shining Light","floor":4,"gold_loss":0,"cards_upgraded":["Defend_P","Eruption"]},{"damage_healed":0,"gold_gain":75,"player_choice":"Gather Gold","damage_taken":11,"max_hp_gain":0,"max_hp_loss":0,"event_name":"World of Goop","floor":5,"gold_loss":0},{"damage_healed":0,"gold_gain":0,"player_choice":"Upgraded","damage_taken":0,"max_hp_gain":0,"max_hp_loss":0,"event_name":"Upgrade Shrine","floor":8,"gold_loss":0,"cards_upgraded":["FlurryOfBlows"]},{"damage_healed":0,"gold_gain":68,"player_choice":"Gained Gold","damage_taken":0,"max_hp_gain":0,"max_hp_loss":0,"event_name":"Golden Wing","floor":11,"gold_loss":0},{"damage_healed":0,"gold_gain":0,"player_choice":"Lose Max HP","damage_taken":0,"relics_obtained":["Golden Idol"],"max_hp_gain":0,"max_hp_loss":8,"event_name":"Golden Idol","floor":14,"gold_loss":0}],"is_beta":false,"boss_relics":[],"items_purged_floors":[3],"is_endless":false,"potions_floor_spawned":[1],"killed_by":"Slime Boss","ascension_level":20}