{"gold_per_floor":[119,137,49,67,67,67,32,61,61,86,11,42,42,77,77,151,151,163,177,188,207,207,207,239,239,239,339,372,382,407,426,426,505,505,520,533,545,570,588,588,72,98,124,166,178,218,230,271,283,295,307,319,331,56,84,84],"floor_reached":57,"playtime":3686,"items_purged":["Defend_P","Strike_P"],"score":3812,"play_id":"f93b43a5-b943-4e67-a2ef-ae37fbc7c8dd","local_time":"20240115022608","is_ascension_mode":true,"campfire_choices":[{"data":"Eruption","floor":6.0,"key":"SMITH"},{"data":"1","floor":15.0,"key":"LIFT"},{"data":"2","floor":23.0,"key":"LIFT"},{"data":"3","floor":25.0,"key":"LIFT"},{"floor":32,"key":"DIG"},{"floor":45,"key":"RECALL"},{"floor":49,"key":"DIG"},{"floor":53,"key":"DIG"}],"neow_cost":"NONE","seed_source_timestamp":407271965575500,"circlet_count":0,"master_deck":["AscendersBane","Strike_P+1","Strike_P+1","Defend_P+1","Defend_P+1","Eruption+1","Vigilance+1","Sanctity+1","EmptyMind+1","CutThroughFate+1","ReachHeaven+1","TalkToTheHand+1","CrushJoints+1","FlurryOfBlows+1","Adaptation+1","LessonLearned+1","Indignation+1","MentalFortress+1","EmptyMind+1","ClearTheMind+1","Meditate+1","WindmillStrike+1","ClearTheMind+1","Weave+1","Meditate+1","InnerPeace+1","Scrawl+1","Adaptation","Scrawl+1","InnerPeace","MentalFortress"],"special_seed":0,"relics":["PureWater","Gambling Chip","Eternal Feather","Girya","Lantern","Whetstone","Fusion Hammer","Gremlin Horn","Ginger","Bottled Lightning","Calipers","Molten Egg 2","Shovel","Matryoshka","Anchor","VioletLotus","TungstenRod","PreservedInsect","Potion Belt","InkBottle","MawBank","Turnip","Juzu Bracelet","Ice Cream","Pen Nib","Shuriken","DollysMirror","Damaru"],"potions_floor_usage":[56,56,56],"damage_taken":[{"damage":5.0,"enemies":"Small Slimes","floor":1.0,"turns":4.0},{"damage":0.0,"enemies":"2 Louse","floor":2.0,"turns":2.0},{"damage":0.0,"enemies":"Jaw Worm","floor":4.0,"turns":3.0},{"damage":0.0,"enemies":"Gremlin Nob","floor":8.0,"turns":2.0},{"damage":17.0,"enemies":"3 Sentries","floor":10.0,"turns":4.0},{"damage":0.0,"enemies":"Gremlin Nob","floor":12.0,"turns":2.0},{"damage":0.0,"enemies":"Lagavulin","floor":14.0,"turns":2.0},{"damage":12.0,"enemies":"Hexaghost","floor":16.0,"turns":4.0},{"damage":11.0,"enemies":"Shell Parasite","floor":18.0,"turns":5.0},{"damage":0.0,"enemies":"Chosen","floor":19.0,"turns":2.0},{"damage":0.0,"enemies":"3 Cultists","floor":20.0,"turns":3.0},{"damage":13.0,"enemies":"Snecko","floor":21.0,"turns":3.0},{"damage":1.0,"enemies":"Gremlin Leader","floor":24.0,"turns":3.0},{"damage":0.0,"enemies":"Colosseum Slavers","floor":27.0,"turns":2.0},{"damage":0.0,"enemies":"Colosseum Nobs","floor":27.0,"turns":2.0},{"damage":0.0,"enemies":"Slavers","floor":28.0,"turns":2.0},{"damage":0.0,"enemies":"Snake Plant","floor":29.0,"turns":2.0},{"damage":3,"enemies":"Book of Stabbing","floor":30,"turns":4},{"damage":18,"enemies":"Cultist and Chosen","floor":31,"turns":4},{"damage":12,"enemies":"Champ","floor":33,"turns":6},{"damage":0,"enemies":"Orb Walker","floor":35,"turns":2},{"damage":0,"enemies":"3 Darklings","floor":36,"turns":3},{"damage":0,"enemies":"4 Shapes","floor":37,"turns":4},{"damage":14,"enemies":"Mind Bloom Boss Battle","floor":38,"turns":5},{"damage":0,"enemies":"Transient","floor":39,"turns":6},{"damage":0,"enemies":"Nemesis","floor":42,"turns":3},{"damage":0,"enemies":"Reptomancer","floor":44,"turns":3},{"damage":0,"enemies":"Giant Head","floor":46,"turns":2},{"damage":0,"enemies":"Reptomancer","floor":48,"turns":2},{"damage":0,"enemies":"Donu and Deca","floor":50,"turns":3},{"damage":0,"enemies":"Awakened One","floor":51,"turns":5},{"damage":0,"enemies":"Shield and Spear","floor":55,"turns":2},{"damage":0,"enemies":"The Heart","floor":56,"turns":5}],"seed_played":"285024442128595946","potions_obtained":[{"floor":1.0,"key":"DuplicationPotion"},{"floor":4.0,"key":"Energy Potion"},{"floor":14.0,"key":"SpeedPotion"},{"floor":19.0,"key":"Energy Potion"},{"floor":21.0,"key":"Energy Potion"},{"floor":24.0,"key":"Dexterity Potion"},{"floor":28.0,"key":"Explosive Potion"},{"floor":39,"key":"Swift Potion"},{"floor":42,"key":"Weak Potion"},{"floor":48,"key":"Dexterity Potion"},{"floor":55,"key":"DuplicationPotion"}],"is_trial":false,"path_per_floor":["M","M","$","M","?","R","?","E","T","E","$","E","?","E","R","B",null,"M","M","M","M","T","R","E","R","T","?","E","M","E","M","R","B",null,"M","M","M","?","M","?","$","E","T","E","R","E","?","E","R","B","B",null,"R","$","E","B",null],"character_chosen":"WATCHER","items_purchased":["ReachHeaven","PreservedInsect","Potion Belt","Meditate","Adaptation","DollysMirror","InnerPeace"],"campfire_rested":0,"item_purchase_floors":[3,41,41,41,54,54,54],"current_hp_per_floor":[56,56,56,56,36,36,53,53,53,36,36,36,36,36,45,33,59,48,48,48,35,35,47,46,58,58,58,58,58,55,37,49,37,60,60,60,60,46,46,46,46,46,46,46,61,61,61,61,68,68,68,68,68,68,68,68],"gold":84,"neow_bonus":"TRANSFORM_CARD","is_prod":false,"is_daily":false,"chose_seed":false,"campfire_upgraded":1,"win_rate":0,"timestamp":1705314368,"path_taken":["M","M","$","M","?","R","?","E","T","E","?","E","?","E","R","BOSS","M","?","?","M","?","R","E","R","T","?","E","M","E","M","R","BOSS","M","M","M","?","M","?","$","E","T","E","R","E","?","E","R","BOSS","BOSS","R","$","E","BOSS"],"build_version":"2022-12-18","purchased_purges":2,"victory":true,"max_hp_per_floor":[68,68,68,68,68,68,68,68,68,68,68,68,68,68,68,68,68,68,68,68,68,68,68,68,68,68,68,68,68,68,68,68,68,68,68,68,68,68,68,68,68,68,68,68,68,68,68,68,68,68,68,68,68,68,68,68],"card_choices":[{"not_picked":["Worship","PathToVictory"],"picked":"EmptyMind","floor":1.0},{"not_picked":["FlyingSleeves","Evaluate"],"picked":"CutThroughFate","floor":2.0},{"not_picked":["ThirdEye","EmptyBody","SashWhip"],"picked":"SKIP","floor":4.0},{"not_picked":["ThirdEye","Wireheading","FlyingSleeves"],"picked":"SKIP","floor":8.0},{"not_picked":["Perseverance","Fasting2"],"picked":"TalkToTheHand","floor":10.0},{"not_picked":["Ragnarok","SashWhip"],"picked":"CrushJoints","floor":12.0},{"not_picked":["FollowUp","CutThroughFate"],"picked":"Adaptation","floor":14.0},{"not_picked":["DeusExMachina","Scrawl"],"picked":"LessonLearned","floor":16.0},{"not_picked":["FollowUp","ClearTheMind"],"picked":"Indignation","floor":18.0},{"not_picked":["FollowUp+1","Protect"],"picked":"MentalFortress","floor":19.0},{"not_picked":["TalkToTheHand","LikeWater"],"picked":"EmptyMind","floor":20.0},{"not_picked":["EmptyFist","BattleHymn","Collect"],"picked":"SKIP","floor":21.0},{"not_picked":["Perseverance+1","Alpha","Indignation+1"],"picked":"SKIP","floor":24.0},{"not_picked":["CarveReality+1","ClearTheMind","PathToVictory"],"picked":"SKIP","floor":28.0},{"not_picked":["PathToVictory","ForeignInfluence","Halt"],"picked":"SKIP","floor":29.0},{"not_picked":["CrushJoints+1","ThirdEye","Crescendo+1"],"picked":"SKIP","floor":30},{"not_picked":["SashWhip+1","WreathOfFlame+1"],"picked":"EmptyBody+1","floor":31},{"not_picked":["Protect","Wireheading"],"picked":"ClearTheMind","floor":35},{"not_picked":["CrushJoints+1","Evaluate+1"],"picked":"Meditate","floor":36},{"not_picked":["BowlingBash+1","Protect"],"picked":"WindmillStrike+1","floor":37},{"not_picked":["EmptyBody+1","Halt"],"picked":"ClearTheMind","floor":38},{"not_picked":["DeceiveReality+1","WheelKick+1"],"picked":"Weave+1","floor":39},{"not_picked":["WreathOfFlame","BattleHymn"],"picked":"InnerPeace+1","floor":42},{"not_picked":["DeusExMachina","FlyingSleeves+1"],"picked":"Scrawl","floor":44},{"not_picked":["Brilliance+1","PathToVictory","Pray+1"],"picked":"SKIP","floor":46},{"not_picked":["Protect","CrushJoints+1","WreathOfFlame+1"],"picked":"SKIP","floor":48},{"not_picked":["EmptyBody","Conclude+1"],"picked":"MentalFortress","floor":55}],"player_experience":1233501,"relics_obtained":[{"floor":8.0,"key":"Gambling Chip"},{"floor":9.0,"key":"Eternal Feather"},{"floor":10.0,"key":"Girya"},{"floor":12.0,"key":"Lantern"},{"floor":14.0,"key":"Whetstone"},{"floor":22.0,"key":"Gremlin Horn"},{"floor":24.0,"key":"Ginger"},{"floor":26.0,"key":"Bottled Lightning"},{"floor":27.0,"key":"Calipers"},{"floor":27.0,"key":"Molten Egg 2"},{"floor":28.0,"key":"Shovel"},{"floor":30,"key":"Matryoshka"},{"floor":32,"key":"Anchor"},{"floor":38,"key":"TungstenRod"},{"floor":42,"key":"InkBottle"},{"floor":43,"key":"MawBank"},{"floor":44,"key":"Turnip"},{"floor":46,"key":"Juzu Bracelet"},{"floor":48,"key":"Ice Cream"},{"floor":49,"key":"Pen Nib"},{"floor":53,"key":"Shuriken"},{"floor":55,"key":"Damaru"}],"event_choices":[{"damage_healed":0.0,"max_hp_gain":0.0,"max_hp_loss":0.0,"gold_gain":0.0,"event_name":"Shining Light","player_choice":"Entered Light","floor":5.0,"gold_loss":0.0,"damage_taken":20.0,"cards_upgraded":["ReachHeaven","Defend_P"]},{"damage_healed":17.0,"max_hp_gain":0.0,"max_hp_loss":0.0,"gold_gain":0.0,"event_name":"The Cleric","player_choice":"Healed","floor":7.0,"gold_loss":35.0,"damage_taken":0.0},{"damage_healed":0.0,"max_hp_gain":0.0,"max_hp_loss":0.0,"gold_gain":0.0,"cards_transformed":["Strike_P"],"event_name":"Transmorgrifier","player_choice":"Transformed","floor":13.0,"gold_loss":0.0,"damage_taken":0.0,"cards_obtained":["FlurryOfBlows"]},{"damage_healed":0.0,"max_hp_gain":0.0,"max_hp_loss":0.0,"gold_gain":0.0,"event_name":"Colosseum","player_choice":"Fight","floor":27.0,"gold_loss":0.0,"damage_taken":0.0},{"damage_healed":0.0,"max_hp_gain":0.0,"max_hp_loss":0.0,"gold_gain":0.0,"event_name":"Colosseum","player_choice":"Fought Nobs","floor":27.0,"gold_loss":0.0,"damage_taken":0.0},{"damage_healed":0,"gold_gain":0,"player_choice":"Fight","damage_taken":0,"max_hp_gain":0,"max_hp_loss":0,"event_name":"MindBloom","floor":38,"gold_loss":0},{"cards_removed":["EmptyBody"],"damage_healed":0,"gold_gain":0,"player_choice":"Removed Skill","damage_taken":0,"max_hp_gain":0,"max_hp_loss":0,"event_name":"Falling","floor":40,"gold_loss":0},{"damage_healed":0,"gold_gain":0,"player_choice":"Ignored","damage_taken":0,"max_hp_gain":0,"max_hp_loss":0,"event_name":"Tomb of Lord Red Mask","floor":47,"gold_loss":0}],"is_beta":false,"boss_relics":[{"not_picked":["Astrolabe","Empty Cage"],"picked":"Fusion Hammer"},{"not_picked":["Black Star","Velvet Choker"],"picked":"VioletLotus"}],"items_purged_floors":[11,41],"is_endless":false,"potions_floor_spawned":[1,4,14,16,19,21,24,28,31,33,35,39,42,48,55],"ascension_level":20}