{"gold_per_floor":[115,40,40,40,58,83,83,109,109,109,128,128,154,164,164,164],"floor_reached":16,"playtime":409,"items_purged":["Defend_P"],"score":336,"play_id":"b1a64028-1668-4d04-8375-fbd6a829bf2d","local_time":"20240122235658","is_ascension_mode":true,"campfire_choices":[{"data":"Eruption","floor":7,"key":"SMITH"},{"floor":10,"key":"REST"},{"data":"MentalFortress","floor":12,"key":"SMITH"},{"data":"SandsOfTime","floor":15,"key":"SMITH"}],"neow_cost":"NONE","seed_source_timestamp":1092976868144200,"circlet_count":0,"master_deck":["AscendersBane","Strike_P","Strike_P","Strike_P","Strike_P","Defend_P","Defend_P","Defend_P","Eruption+1","Vigilance","MentalFortress+1","BowlingBash","ReachHeaven","FlurryOfBlows","SandsOfTime+1","EmptyBody"],"relics":["PureWater","NeowsBlessing","Frozen Egg 2","Blood Vial","WingedGreaves","Bag of Marbles","StrikeDummy"],"potions_floor_usage":[16],"damage_taken":[{"damage":0,"enemies":"Small Slimes","floor":1,"turns":1},{"damage":0,"enemies":"2 Louse","floor":5,"turns":1},{"damage":0,"enemies":"Gremlin Nob","floor":6,"turns":1},{"damage":51,"enemies":"3 Sentries","floor":8,"turns":6},{"damage":2,"enemies":"Jaw Worm","floor":11,"turns":3},{"damage":0,"enemies":"Gremlin Nob","floor":13,"turns":2},{"damage":9,"enemies":"2 Fungi Beasts","floor":14,"turns":3},{"damage":27,"enemies":"Hexaghost","floor":16,"turns":8}],"seed_played":"-2484502742504828837","potions_obtained":[{"floor":11,"key":"DistilledChaos"}],"is_trial":false,"path_per_floor":["M","$","?","?","M","E","R","E","T","R","M","R","E","M","R","B"],"character_chosen":"WATCHER","items_purchased":[],"campfire_rested":1,"item_purchase_floors":[],"current_hp_per_floor":[61,61,61,56,56,56,56,7,7,27,27,27,29,22,22,0],"gold":164,"neow_bonus":"THREE_ENEMY_KILL","is_prod":false,"is_daily":false,"chose_seed":false,"campfire_upgraded":3,"win_rate":0,"timestamp":1705996618,"path_taken":["M","$","?","?","M","E","R","E","T","R","M","R","E","?","R","BOSS"],"build_version":"2022-12-18","purchased_purges":1,"victory":false,"max_hp_per_floor":[68,68,68,68,68,68,68,68,68,68,68,68,68,68,68,68],"card_choices":[{"not_picked":["Protect","Halt"],"picked":"MentalFortress","floor":1},{"not_picked":["Collect","JustLucky"],"picked":"BowlingBash","floor":5},{"not_picked":["Swivel","Prostrate","Worship"],"picked":"SKIP","floor":6},{"not_picked":["JustLucky","Devotion+1"],"picked":"ReachHeaven","floor":8},{"not_picked":["SashWhip","Consecrate"],"picked":"FlurryOfBlows","floor":11},{"not_picked":["Study+1","BattleHymn+1"],"picked":"SandsOfTime","floor":13},{"not_picked":["Indignation","ClearTheMind"],"picked":"EmptyBody","floor":14}],"player_experience":1267190,"relics_obtained":[{"floor":6,"key":"Blood Vial"},{"floor":8,"key":"WingedGreaves"},{"floor":9,"key":"Bag of Marbles"},{"floor":13,"key":"StrikeDummy"}],"event_choices":[{"damage_healed":0,"gold_gain":0,"player_choice":"Ignored","damage_taken":0,"max_hp_gain":0,"max_hp_loss":0,"event_name":"Liars Game","floor":3,"gold_loss":0},{"damage_healed":0,"gold_gain":0,"player_choice":"Success","damage_taken":5,"relics_obtained":["Frozen Egg 2"],"max_hp_gain":0,"max_hp_loss":0,"event_name":"Scrap Ooze","floor":4,"gold_loss":0}],"is_beta":false,"boss_relics":[],"items_purged_floors":[2],"is_endless":false,"potions_floor_spawned":[11],"killed_by":"Hexaghost","ascension_level":20}