{"gold_per_floor":[117,117,136,159,84,84,99,132,213,232,232,275,290,305,305,404,404,418,10,33,33,53,53,97,97],"floor_reached":25,"playtime":933,"items_purged":["Strike_P"],"score":570,"play_id":"be0e311d-6a25-47fd-bf83-7cc2ef58c330","local_time":"20240113184508","is_ascension_mode":true,"campfire_choices":[{"data":"Eruption","floor":6.0,"key":"SMITH"},{"data":"CrushJoints","floor":11.0,"key":"SMITH"},{"data":"EmptyFist","floor":15.0,"key":"SMITH"},{"data":"Vigilance","floor":23,"key":"SMITH"}],"neow_cost":"NONE","seed_source_timestamp":0,"circlet_count":0,"master_deck":["AscendersBane","Strike_P+1","Strike_P+1","Strike_P+1","Defend_P+1","Defend_P+1","Defend_P+1","Eruption+1","Vigilance+1","Swift Strike","CrushJoints+1","BowlingBash","EmptyMind","EmptyFist+1","Adaptation","CutThroughFate","FearNoEvil","Halt","ThirdEye"],"special_seed":0,"relics":["PureWater","Golden Idol","Gambling Chip","Boot","Cursed Key","Calipers","GoldenEye"],"potions_floor_usage":[],"damage_taken":[{"damage":6.0,"enemies":"2 Louse","floor":1.0,"turns":2.0},{"damage":2.0,"enemies":"Small Slimes","floor":3.0,"turns":4.0},{"damage":0.0,"enemies":"Cultist","floor":4.0,"turns":3.0},{"damage":13.0,"enemies":"Blue Slaver","floor":7.0,"turns":3.0},{"damage":0.0,"enemies":"Gremlin Nob","floor":8.0,"turns":2.0},{"damage":0.0,"enemies":"2 Fungi Beasts","floor":10.0,"turns":2.0},{"damage":0.0,"enemies":"Lagavulin","floor":12.0,"turns":3.0},{"damage":6.0,"enemies":"Lots of Slimes","floor":13.0,"turns":5.0},{"damage":0.0,"enemies":"3 Louse","floor":14.0,"turns":1.0},{"damage":44.0,"enemies":"The Guardian","floor":16.0,"turns":11.0},{"damage":7,"enemies":"Chosen","floor":18,"turns":3},{"damage":13,"enemies":"3 Byrds","floor":20,"turns":3},{"damage":10,"enemies":"Cultist and Chosen","floor":22,"turns":5},{"damage":16,"enemies":"Slavers","floor":24,"turns":4},{"damage":6,"enemies":"Snecko","floor":25,"turns":2}],"seed_played":"-5547483571789464909","potions_obtained":[{"floor":3.0,"key":"FearPotion"},{"floor":7.0,"key":"SkillPotion"},{"floor":10.0,"key":"DuplicationPotion"},{"floor":12.0,"key":"Regen Potion"},{"floor":24,"key":"Dexterity Potion"}],"is_trial":false,"path_per_floor":["M","?","M","M","?","R","M","E","T","M","R","E","M","M","R","B",null,"M","$","M","?","M","R","E","M"],"character_chosen":"WATCHER","items_purchased":["Calipers"],"campfire_rested":0,"item_purchase_floors":[19],"current_hp_per_floor":[55,55,53,53,53,53,40,40,40,40,40,40,48,48,48,4,48,41,41,28,28,18,18,2,0],"gold":97,"neow_bonus":"RANDOM_COLORLESS","is_prod":false,"is_daily":false,"chose_seed":false,"campfire_upgraded":4,"win_rate":0,"timestamp":1705200308,"path_taken":["M","?","M","M","?","R","M","E","T","M","R","E","M","M","R","BOSS","M","$","M","?","M","R","E","M"],"build_version":"2022-12-18","purchased_purges":1,"victory":false,"max_hp_per_floor":[68,62,62,62,62,62,62,62,62,62,62,62,62,62,62,62,62,62,62,62,62,62,62,62,62],"card_choices":[{"not_picked":["Finesse","Mind Blast"],"picked":"Swift Strike","floor":0.0},{"not_picked":["FollowUp","Consecrate"],"picked":"CrushJoints","floor":1.0},{"not_picked":["Fasting2","Halt"],"picked":"BowlingBash","floor":3.0},{"not_picked":["Protect","ClearTheMind","Prostrate"],"picked":"SKIP","floor":4.0},{"not_picked":["FollowUp","CutThroughFate"],"picked":"EmptyMind","floor":7.0},{"not_picked":["FollowUp","Brilliance"],"picked":"EmptyFist","floor":8.0},{"not_picked":["EmptyFist","CrushJoints","Crescendo"],"picked":"SKIP","floor":10.0},{"not_picked":["Wireheading","FearNoEvil"],"picked":"Adaptation","floor":12.0},{"not_picked":["Vengeance","Crescendo"],"picked":"CutThroughFate","floor":13.0},{"not_picked":["WreathOfFlame","EmptyMind"],"picked":"FearNoEvil","floor":14.0},{"not_picked":["LikeWater","WindmillStrike","Worship"],"picked":"SKIP","floor":18},{"not_picked":["JustLucky","CarveReality"],"picked":"Halt","floor":20},{"not_picked":["FollowUp+1","SandsOfTime","CarveReality"],"picked":"SKIP","floor":22},{"not_picked":["FlurryOfBlows","Blasphemy"],"picked":"ThirdEye","floor":24}],"player_experience":1232568,"relics_obtained":[{"floor":8.0,"key":"Gambling Chip"},{"floor":12.0,"key":"Boot"},{"floor":24,"key":"GoldenEye"}],"event_choices":[{"damage_healed":0.0,"max_hp_gain":0.0,"max_hp_loss":6.0,"gold_gain":0.0,"event_name":"Golden Idol","player_choice":"Lose Max HP","floor":2.0,"gold_loss":0.0,"damage_taken":0.0,"relics_obtained":["Golden Idol"]},{"cards_removed":["Defend_P"],"damage_healed":0.0,"max_hp_gain":0.0,"max_hp_loss":0.0,"gold_gain":0.0,"event_name":"The Cleric","player_choice":"Card Removal","floor":5.0,"gold_loss":75.0,"damage_taken":0.0},{"damage_healed":0,"gold_gain":0,"player_choice":"Simplicity","damage_taken":0,"max_hp_gain":0,"max_hp_loss":0,"event_name":"Back to Basics","floor":21,"gold_loss":0,"cards_upgraded":["Strike_P","Strike_P","Strike_P","Defend_P","Defend_P","Defend_P"]}],"is_beta":false,"boss_relics":[{"not_picked":["Black Star","Runic Dome"],"picked":"Cursed Key"}],"items_purged_floors":[19],"is_endless":false,"potions_floor_spawned":[3,7,10,12,24],"killed_by":"Snecko","ascension_level":20}