{"gold_per_floor":[111,128,148,148,160,160,171,171,246,260,284,67,98,117,117,191,191,207,221,59,59,74,74,86,121,174,174,192,227,227,239,239,314,314,330,330,67,80,134,161,161,189,216,216,216,233,253,279,279,279],"floor_reached":50,"playtime":2722,"items_purged":["Defend_P"],"score":1298,"play_id":"d97d348e-1236-4a8e-9613-b21481c8680b","local_time":"20240122231456","is_ascension_mode":true,"campfire_choices":[{"floor":6,"key":"REST"},{"data":"Consecrate","floor":8,"key":"SMITH"},{"data":"Tantrum","floor":15,"key":"SMITH"},{"data":"Scrawl","floor":23,"key":"SMITH"},{"floor":30,"key":"REST"},{"data":"Wallop","floor":32,"key":"SMITH"},{"floor":41,"key":"RECALL"},{"data":"Adaptation","floor":49,"key":"SMITH"}],"neow_cost":"NONE","seed_source_timestamp":1087977144015500,"circlet_count":0,"master_deck":["AscendersBane","Strike_P+1","Strike_P+1","Strike_P+1","Strike_P+1","Defend_P+1","Defend_P+1","Eruption+1","Vigilance+1","Consecrate+1","Wallop+1","FlurryOfBlows+1","CutThroughFate+1","LessonLearned+1","Prostrate+1","Tantrum+1","Scrawl+1","EmptyMind+1","InnerPeace+1","CutThroughFate+1","Wallop+1","Vault+1","SandsOfTime+1","Adaptation+1","InnerPeace","Adaptation+1","CrushJoints+1"],"relics":["HolyWater","TeardropLocket","Odd Mushroom","Lizard Tail","Akabeko","Nilry\u0027s Codex","Blue Candle","Coffee Dripper","Pantograph","Du-Vu Doll","Kunai","Regal Pillow","Nunchaku","Singing Bowl"],"potions_floor_usage":[5,13,16,29,29,33,33,47,50],"damage_taken":[{"damage":7,"enemies":"Jaw Worm","floor":1,"turns":3},{"damage":4,"enemies":"2 Louse","floor":2,"turns":2},{"damage":0,"enemies":"Small Slimes","floor":3,"turns":2},{"damage":12,"enemies":"Exordium Wildlife","floor":5,"turns":4},{"damage":0,"enemies":"Blue Slaver","floor":7,"turns":5},{"damage":0,"enemies":"3 Louse","floor":10,"turns":4},{"damage":16,"enemies":"The Mushroom Lair","floor":11,"turns":4},{"damage":0,"enemies":"3 Sentries","floor":13,"turns":3},{"damage":0,"enemies":"Looter","floor":14,"turns":4},{"damage":18,"enemies":"The Guardian","floor":16,"turns":12},{"damage":3,"enemies":"Spheric Guardian","floor":18,"turns":3},{"damage":10,"enemies":"Chosen","floor":19,"turns":4},{"damage":0,"enemies":"Sentry and Sphere","floor":22,"turns":3},{"damage":4,"enemies":"Snake Plant","floor":24,"turns":3},{"damage":0,"enemies":"Slavers","floor":25,"turns":2},{"damage":0,"enemies":"Chosen and Byrds","floor":28,"turns":1},{"damage":10,"enemies":"Gremlin Leader","floor":29,"turns":5},{"damage":0,"enemies":"Sentry and Sphere","floor":31,"turns":4},{"damage":90,"enemies":"Champ","floor":33,"turns":11},{"damage":0,"enemies":"Orb Walker","floor":35,"turns":2},{"damage":0,"enemies":"3 Shapes","floor":38,"turns":2},{"damage":0,"enemies":"2 Orb Walkers","floor":39,"turns":2},{"damage":1,"enemies":"Nemesis","floor":40,"turns":4},{"damage":15,"enemies":"Giant Head","floor":42,"turns":6},{"damage":1,"enemies":"Maw","floor":46,"turns":4},{"damage":0,"enemies":"Transient","floor":47,"turns":7},{"damage":1,"enemies":"Nemesis","floor":48,"turns":4},{"damage":69,"enemies":"Time Eater","floor":50,"turns":10}],"seed_played":"3632489651735930742","potions_obtained":[{"floor":3,"key":"EssenceOfSteel"},{"floor":7,"key":"LiquidBronze"},{"floor":10,"key":"SpeedPotion"},{"floor":11,"key":"DistilledChaos"},{"floor":18,"key":"Energy Potion"},{"floor":22,"key":"Regen Potion"},{"floor":29,"key":"Weak Potion"},{"floor":31,"key":"DistilledChaos"},{"floor":33,"key":"Fire Potion"},{"floor":35,"key":"Energy Potion"},{"floor":47,"key":"SmokeBomb"}],"is_trial":false,"path_per_floor":["M","M","M","?","M","R","M","R","T","M","?","$","E","M","R","B",null,"M","M","$","?","M","R","M","E","T","?","M","E","R","M","R","B",null,"M","?","$","M","?","E","R","E","T","?","$","M","M","E","R","B"],"character_chosen":"WATCHER","items_purchased":["LessonLearned","Prostrate","EmptyMind","Pantograph"],"campfire_rested":2,"item_purchase_floors":[12,12,20,37],"current_hp_per_floor":[54,50,50,30,18,38,38,38,38,38,22,22,22,22,22,4,52,49,39,39,39,39,39,35,35,35,14,14,18,38,38,38,12,54,54,54,54,54,54,53,53,38,38,38,38,37,37,36,36,0],"gold":279,"neow_bonus":"UPGRADE_CARD","is_prod":false,"is_daily":false,"chose_seed":false,"campfire_upgraded":5,"win_rate":0,"timestamp":1705994096,"path_taken":["M","M","M","?","M","R","M","R","T","M","?","$","E","M","R","BOSS","M","M","$","?","M","R","M","E","T","?","M","E","R","M","R","BOSS","M","?","$","M","?","E","R","E","T","?","?","M","M","E","R","BOSS"],"build_version":"2022-12-18","purchased_purges":1,"victory":false,"max_hp_per_floor":[68,68,68,68,68,68,68,68,68,68,68,68,68,68,68,68,68,68,68,68,68,68,68,68,68,68,68,68,68,68,68,68,68,68,68,68,68,68,68,68,68,68,68,65,65,65,65,65,65,65],"card_choices":[{"not_picked":["ClearTheMind","Study","Protect"],"picked":"SKIP","floor":1},{"not_picked":["DeceiveReality","Crescendo"],"picked":"Consecrate","floor":2},{"not_picked":["FollowUp","PathToVictory"],"picked":"Wallop","floor":3},{"not_picked":["TalkToTheHand","Perseverance","FlyingSleeves"],"picked":"SKIP","floor":5},{"not_picked":["Halt","JustLucky"],"picked":"FlurryOfBlows","floor":7},{"not_picked":["Collect","Consecrate","BattleHymn"],"picked":"SKIP","floor":10},{"not_picked":["FlyingSleeves","PathToVictory"],"picked":"CutThroughFate","floor":11},{"not_picked":["CrushJoints","FlurryOfBlows"],"picked":"Tantrum","floor":13},{"not_picked":["BowlingBash","PathToVictory","JustLucky"],"picked":"SKIP","floor":14},{"not_picked":["Establishment","Blasphemy"],"picked":"Scrawl","floor":16},{"not_picked":["PathToVictory","FlyingSleeves","JustLucky"],"picked":"SKIP","floor":18},{"not_picked":["Conclude","Evaluate","Tantrum+1"],"picked":"SKIP","floor":19},{"not_picked":["Crescendo","Perseverance","FollowUp"],"picked":"SKIP","floor":22},{"not_picked":["CrushJoints","Consecrate"],"picked":"InnerPeace","floor":24},{"not_picked":["Judgement","ThirdEye"],"picked":"CutThroughFate+1","floor":25},{"not_picked":["Crescendo","PathToVictory"],"picked":"Wallop","floor":28},{"not_picked":["SpiritShield","CutThroughFate+1","LikeWater+1"],"picked":"SKIP","floor":29},{"not_picked":["EmptyFist","PathToVictory","Conclude"],"picked":"SKIP","floor":31},{"not_picked":["ConjureBlade","Judgement"],"picked":"Vault","floor":33},{"not_picked":["Evaluate","EmptyFist","FollowUp"],"picked":"SKIP","floor":35},{"not_picked":["Swivel+1","BowlingBash+1"],"picked":"SandsOfTime+1","floor":38},{"not_picked":["ClearTheMind","Weave"],"picked":"Adaptation","floor":39},{"not_picked":["Wish","PathToVictory","Evaluate"],"picked":"SKIP","floor":40},{"not_picked":["EmptyBody","ForeignInfluence","Swivel"],"picked":"SKIP","floor":42},{"not_picked":["EmptyFist+1","Study"],"picked":"InnerPeace","floor":46},{"not_picked":["Prostrate","LikeWater"],"picked":"Adaptation","floor":47},{"not_picked":["DevaForm","FlyingSleeves"],"picked":"CrushJoints+1","floor":48}],"player_experience":1264214,"relics_obtained":[{"floor":9,"key":"TeardropLocket"},{"floor":11,"key":"Odd Mushroom"},{"floor":13,"key":"Lizard Tail"},{"floor":25,"key":"Akabeko"},{"floor":27,"key":"Nilry\u0027s Codex"},{"floor":29,"key":"Blue Candle"},{"floor":39,"key":"Du-Vu Doll"},{"floor":40,"key":"Kunai"},{"floor":42,"key":"Regal Pillow"},{"floor":43,"key":"Nunchaku"},{"floor":48,"key":"Singing Bowl"}],"event_choices":[{"damage_healed":0,"gold_gain":0,"player_choice":"Entered Light","damage_taken":20,"max_hp_gain":0,"max_hp_loss":0,"event_name":"Shining Light","floor":4,"gold_loss":0,"cards_upgraded":["Strike_P","Wallop"]},{"damage_healed":0,"gold_gain":0,"player_choice":"Fought Mushrooms","damage_taken":0,"max_hp_gain":0,"max_hp_loss":0,"event_name":"Mushrooms","floor":11,"gold_loss":0},{"damage_healed":0,"gold_gain":0,"player_choice":"Simplicity","damage_taken":0,"max_hp_gain":0,"max_hp_loss":0,"event_name":"Back to Basics","floor":21,"gold_loss":0,"cards_upgraded":["Strike_P","Strike_P","Strike_P","Defend_P","Defend_P"]},{"damage_healed":0,"gold_gain":0,"player_choice":"Obtained Book","damage_taken":21,"max_hp_gain":0,"max_hp_loss":0,"event_name":"Cursed Tome","floor":27,"gold_loss":0},{"cards_removed":["Defend_P"],"damage_healed":0,"gold_gain":0,"player_choice":"Removed Skill","damage_taken":0,"max_hp_gain":0,"max_hp_loss":0,"event_name":"Falling","floor":36,"gold_loss":0},{"damage_healed":0,"gold_gain":0,"player_choice":"Fight","damage_taken":0,"max_hp_gain":0,"max_hp_loss":0,"event_name":"Mysterious Sphere","floor":39,"gold_loss":0},{"damage_healed":0,"gold_gain":0,"player_choice":"Max HP","damage_taken":0,"max_hp_gain":0,"max_hp_loss":3,"event_name":"Winding Halls","floor":44,"gold_loss":0}],"is_beta":false,"boss_relics":[{"not_picked":["Velvet Choker","Calling Bell"],"picked":"HolyWater"},{"not_picked":["Tiny House","Pandora\u0027s Box"],"picked":"Coffee Dripper"}],"items_purged_floors":[20],"is_endless":false,"potions_floor_spawned":[3,7,10,11,18,22,29,31,33,35,39,40,47],"killed_by":"Time Eater","ascension_level":20}