{"gold_per_floor":[364,61,80,100,113,113,127,127,127,138,169,180,209,209,209,209],"floor_reached":16,"playtime":655,"items_purged":["Defend_P"],"score":228,"play_id":"a919df84-2955-4fba-b6cb-7116a83b027e","local_time":"20240123000826","is_ascension_mode":true,"campfire_choices":[{"data":"Eruption","floor":6.0,"key":"SMITH"},{"data":"CrushJoints","floor":8.0,"key":"SMITH"},{"data":"Wallop","floor":15,"key":"SMITH"}],"neow_cost":"TEN_PERCENT_HP_LOSS","seed_source_timestamp":1093398376572900,"circlet_count":0,"master_deck":["AscendersBane","Strike_P","Strike_P","Strike_P","Strike_P","Defend_P+1","Defend_P","Defend_P","Eruption+1","Vigilance","CrushJoints+1","FlurryOfBlows","Vengeance+1","Consecrate","EmptyFist","EmptyMind","Prostrate","Wallop+1","Tantrum"],"special_seed":0,"relics":["PureWater","Pen Nib","Yang","White Beast Statue","Pear"],"potions_floor_usage":[13,16,16],"damage_taken":[{"damage":9.0,"enemies":"2 Louse","floor":1.0,"turns":3.0},{"damage":0.0,"enemies":"Cultist","floor":3.0,"turns":3.0},{"damage":0.0,"enemies":"Jaw Worm","floor":4.0,"turns":3.0},{"damage":3.0,"enemies":"2 Fungi Beasts","floor":5.0,"turns":3.0},{"damage":0.0,"enemies":"Large Slime","floor":7.0,"turns":5.0},{"damage":0,"enemies":"Blue Slaver","floor":10,"turns":1},{"damage":9,"enemies":"Gremlin Nob","floor":11,"turns":3},{"damage":0,"enemies":"2 Fungi Beasts","floor":12,"turns":2},{"damage":2,"enemies":"3 Sentries","floor":13,"turns":5},{"damage":31,"enemies":"The Guardian","floor":16,"turns":10}],"seed_played":"-1780442708838650866","potions_obtained":[{"floor":1.0,"key":"Weak Potion"},{"floor":5.0,"key":"Weak Potion"},{"floor":7.0,"key":"Energy Potion"},{"floor":13,"key":"PowerPotion"}],"is_trial":false,"path_per_floor":["M","$","M","M","M","R","M","R","T","M","E","M","E","?","R","B"],"character_chosen":"WATCHER","items_purchased":["Pen Nib","FlurryOfBlows"],"campfire_rested":0,"item_purchase_floors":[2,2],"current_hp_per_floor":[52,52,52,52,49,49,49,49,49,49,40,40,48,26,26,0],"gold":209,"neow_bonus":"TWO_FIFTY_GOLD","is_prod":false,"is_daily":false,"chose_seed":false,"campfire_upgraded":3,"win_rate":0,"timestamp":1705997306,"path_taken":["M","$","M","M","M","R","M","R","T","M","E","M","E","?","R","BOSS"],"build_version":"2022-12-18","purchased_purges":1,"victory":false,"max_hp_per_floor":[62,62,62,62,62,62,62,62,62,62,62,62,72,72,72,72],"card_choices":[{"not_picked":["Collect","CarveReality"],"picked":"CrushJoints","floor":1.0},{"not_picked":["Evaluate","JustLucky"],"picked":"Vengeance","floor":3.0},{"not_picked":["EmptyBody","FlyingSleeves"],"picked":"Consecrate","floor":4.0},{"not_picked":["CutThroughFate","Fasting2"],"picked":"EmptyFist","floor":5.0},{"not_picked":["ThirdEye","Prostrate"],"picked":"EmptyMind","floor":7.0},{"not_picked":["FlyingSleeves","Protect"],"picked":"Prostrate","floor":10},{"not_picked":["Vengeance","Consecrate"],"picked":"Wallop","floor":11},{"not_picked":["InnerPeace","DeceiveReality"],"picked":"Tantrum","floor":12},{"not_picked":["Establishment","Consecrate","Crescendo"],"picked":"SKIP","floor":13}],"player_experience":1267599,"relics_obtained":[{"floor":9.0,"key":"Yang"},{"floor":11,"key":"White Beast Statue"},{"floor":13,"key":"Pear"}],"event_choices":[{"damage_healed":0,"gold_gain":0,"player_choice":"Entered Light","damage_taken":22,"max_hp_gain":0,"max_hp_loss":0,"event_name":"Shining Light","floor":14,"gold_loss":0,"cards_upgraded":["Defend_P","Vengeance"]}],"is_beta":false,"boss_relics":[],"items_purged_floors":[2],"is_endless":false,"potions_floor_spawned":[1,5,7,12,13],"killed_by":"The Guardian","ascension_level":20}