{"gold_per_floor":[365,236,248,87,100,131,131,161,161,161,179,179,213,227,227,298,298,317,110,125,140,159,192,192,222,297,297,222,4,4,35,35,106,106,121,135,146,200,217,249,249,269,269,283,314,314,339,355,355,355,355,355,355,25,60,60],"floor_reached":57,"playtime":3833,"items_purged":["Defend_P","Defend_P","Strike_P+1"],"score":3019,"play_id":"9f03c647-1cf6-4f9c-9c36-f4c84329ae17","local_time":"20240124135049","is_ascension_mode":true,"campfire_choices":[{"data":"Eruption","floor":7,"key":"SMITH"},{"data":"EmptyFist","floor":10,"key":"SMITH"},{"data":"Consecrate","floor":12,"key":"SMITH"},{"floor":15,"key":"REST"},{"floor":27,"key":"REST"},{"floor":30,"key":"REST"},{"data":"1","floor":32,"key":"LIFT"},{"floor":46,"key":"REST"},{"floor":49,"key":"RECALL"},{"data":"2","floor":53,"key":"LIFT"}],"neow_cost":"PERCENT_DAMAGE","seed_source_timestamp":1225973863297300,"circlet_count":0,"master_deck":["AscendersBane","Strike_P+1","Strike_P+1","Strike_P+1","Defend_P+1","Eruption+1","Vigilance+1","Consecrate+1","SashWhip","EmptyFist+1","LessonLearned+1","Scrawl+1","ThirdEye+1","Halt+1","MentalFortress+1","Sanctity+1","Meditate+1","Meditate+1","Prostrate+1","Tantrum+1","FlurryOfBlows+1","TalkToTheHand+1","Sanctity+1","FlurryOfBlows+1","Halt+1","WheelKick","EmptyMind+1","Meditate+1","MentalFortress+1","Sanctity"],"relics":["PureWater","Lee\u0027s Waffle","MealTicket","Frozen Egg 2","Damaru","Du-Vu Doll","Fusion Hammer","Dream Catcher","Darkstone Periapt","The Courier","Yang","Girya","SlaversCollar","Prayer Wheel","Art of War","Eternal Feather","Question Card","Membership Card","InkBottle","Bottled Tornado"],"potions_floor_usage":[6,8,16,23,42,45,56,56],"damage_taken":[{"damage":0,"enemies":"Cultist","floor":1,"turns":3},{"damage":7,"enemies":"Small Slimes","floor":3,"turns":4},{"damage":0,"enemies":"2 Louse","floor":5,"turns":2},{"damage":34,"enemies":"3 Sentries","floor":6,"turns":8},{"damage":12,"enemies":"Lagavulin","floor":8,"turns":6},{"damage":0,"enemies":"Lots of Slimes","floor":11,"turns":3},{"damage":13,"enemies":"3 Sentries","floor":13,"turns":3},{"damage":0,"enemies":"3 Louse","floor":14,"turns":1},{"damage":20,"enemies":"Hexaghost","floor":16,"turns":7},{"damage":17,"enemies":"2 Thieves","floor":18,"turns":2},{"damage":0,"enemies":"Spheric Guardian","floor":20,"turns":2},{"damage":16,"enemies":"Shelled Parasite and Fungi","floor":21,"turns":3},{"damage":12,"enemies":"Snake Plant","floor":22,"turns":4},{"damage":24,"enemies":"Book of Stabbing","floor":23,"turns":4},{"damage":0,"enemies":"Gremlin Leader","floor":25,"turns":4},{"damage":10,"enemies":"Book of Stabbing","floor":31,"turns":4},{"damage":12,"enemies":"Automaton","floor":33,"turns":8},{"damage":0,"enemies":"Orb Walker","floor":35,"turns":3},{"damage":7,"enemies":"3 Darklings","floor":36,"turns":4},{"damage":0,"enemies":"Spire Growth","floor":37,"turns":2},{"damage":0,"enemies":"2 Orb Walkers","floor":38,"turns":4},{"damage":10,"enemies":"Sphere and 2 Shapes","floor":39,"turns":3},{"damage":0,"enemies":"Reptomancer","floor":40,"turns":4},{"damage":41,"enemies":"Transient","floor":42,"turns":6},{"damage":0,"enemies":"Spire Growth","floor":44,"turns":3},{"damage":0,"enemies":"Nemesis","floor":45,"turns":3},{"damage":0,"enemies":"Giant Head","floor":47,"turns":6},{"damage":3,"enemies":"4 Shapes","floor":48,"turns":3},{"damage":21,"enemies":"Time Eater","floor":50,"turns":10},{"damage":6,"enemies":"Awakened One","floor":51,"turns":9},{"damage":2,"enemies":"Shield and Spear","floor":55,"turns":4},{"damage":25,"enemies":"The Heart","floor":56,"turns":8}],"seed_played":"-4526178873727369984","potions_obtained":[{"floor":1,"key":"Ancient Potion"},{"floor":5,"key":"Energy Potion"},{"floor":14,"key":"SkillPotion"},{"floor":18,"key":"DuplicationPotion"},{"floor":36,"key":"PowerPotion"},{"floor":42,"key":"LiquidMemories"}],"is_trial":false,"path_per_floor":["M","$","M","$","M","E","R","E","T","R","M","R","E","M","R","B",null,"M","$","M","M","M","E","?","E","T","R","?","$","R","E","R","B",null,"M","M","M","?","M","E","?","M","T","M","E","R","E","M","R","B","B",null,"R","$","E","B",null],"character_chosen":"WATCHER","items_purchased":["Strength Potion","Lee\u0027s Waffle","ThirdEye","AttackPotion","Yang","Membership Card","LiquidMemories","InkBottle"],"campfire_rested":4,"item_purchase_floors":[2,4,19,19,29,54,54,54],"current_hp_per_floor":[43,43,36,75,75,41,41,29,29,29,29,29,16,16,38,18,61,44,59,59,43,31,7,7,7,7,29,29,44,66,56,56,44,67,67,60,60,60,50,50,50,9,9,9,9,46,46,43,61,40,34,65,75,75,73,48],"gold":60,"neow_bonus":"TWO_FIFTY_GOLD","is_prod":false,"is_daily":false,"chose_seed":false,"campfire_upgraded":3,"win_rate":0,"timestamp":1706133049,"path_taken":["M","$","M","$","M","E","R","E","T","R","M","R","E","M","R","BOSS","M","$","M","M","?","E","?","E","T","R","?","$","R","E","R","BOSS","M","M","M","?","M","E","?","M","T","M","E","R","E","M","R","BOSS","BOSS","R","$","E","BOSS"],"build_version":"2022-12-18","purchased_purges":3,"victory":true,"max_hp_per_floor":[68,68,68,75,75,75,75,75,75,75,75,75,75,75,75,75,75,75,75,75,75,75,75,75,75,75,75,75,75,75,75,75,75,75,75,75,75,75,75,75,75,75,75,75,75,75,75,75,75,75,75,75,75,75,75,75],"card_choices":[{"not_picked":["Prostrate","MentalFortress","EmptyBody"],"picked":"SKIP","floor":1},{"not_picked":["DeceiveReality","Prostrate"],"picked":"Consecrate","floor":3},{"not_picked":["Evaluate","ThirdEye"],"picked":"SashWhip","floor":5},{"not_picked":["FlurryOfBlows","Blasphemy"],"picked":"EmptyFist","floor":6},{"not_picked":["Worship","Halt"],"picked":"LessonLearned","floor":8},{"not_picked":["Crescendo","ClearTheMind","WindmillStrike"],"picked":"SKIP","floor":11},{"not_picked":["ClearTheMind","Judgement","SashWhip"],"picked":"SKIP","floor":13},{"not_picked":["Consecrate","BowlingBash"],"picked":"CutThroughFate","floor":14},{"not_picked":["LessonLearned","Blasphemy"],"picked":"Scrawl","floor":16},{"not_picked":["Consecrate","PathToVictory","Halt"],"picked":"SKIP","floor":18},{"not_picked":["SignatureMove","PathToVictory"],"picked":"Halt","floor":20},{"not_picked":["SashWhip","JustLucky"],"picked":"MentalFortress+1","floor":21},{"not_picked":["CutThroughFate","TalkToTheHand"],"picked":"Sanctity","floor":22},{"not_picked":["DeceiveReality","Weave+1"],"picked":"Meditate","floor":23},{"not_picked":["Blasphemy","BowlingBash"],"picked":"Meditate+1","floor":25},{"not_picked":["Fasting2+1","ClearTheMind"],"picked":"Prostrate","floor":27},{"not_picked":["PathToVictory","CutThroughFate"],"picked":"Tantrum","floor":30},{"not_picked":["CrushJoints","Consecrate"],"picked":"FlurryOfBlows","floor":31},{"not_picked":["JustLucky","Pray","FollowUp"],"picked":"SKIP","floor":35},{"not_picked":["ThirdEye","Protect"],"picked":"TalkToTheHand+1","floor":36},{"not_picked":["TalkToTheHand","Protect+1","LikeWater+1"],"picked":"SKIP","floor":37},{"not_picked":["ClearTheMind+1","Prostrate"],"picked":"Sanctity","floor":39},{"not_picked":["FlurryOfBlows","SashWhip","ClearTheMind+1"],"picked":"SKIP","floor":39},{"not_picked":["EmptyBody","Tantrum"],"picked":"FlurryOfBlows+1","floor":40},{"not_picked":["Worship","CrushJoints","ThirdEye"],"picked":"SKIP","floor":42},{"not_picked":["Sanctity","ClearTheMind","FlyingSleeves+1"],"picked":"SKIP","floor":42},{"not_picked":["Evaluate","EmptyFist+1"],"picked":"Halt+1","floor":44},{"not_picked":["Brilliance","BowlingBash+1","EmptyBody"],"picked":"SKIP","floor":44},{"not_picked":["Meditate+1","CrushJoints"],"picked":"WheelKick","floor":45},{"not_picked":["BowlingBash","SignatureMove"],"picked":"EmptyMind+1","floor":46},{"not_picked":["SashWhip","Evaluate"],"picked":"Meditate+1","floor":47},{"not_picked":["Worship+1","TalkToTheHand","BowlingBash"],"picked":"MentalFortress+1","floor":48},{"not_picked":["DeceiveReality","Protect+1","MentalFortress+1"],"picked":"Sanctity","floor":48},{"not_picked":["FlyingSleeves+1","Wish","ThirdEye","Sanctity+1"],"picked":"SKIP","floor":55}],"player_experience":1272946,"relics_obtained":[{"floor":6,"key":"MealTicket"},{"floor":8,"key":"Frozen Egg 2"},{"floor":9,"key":"Damaru"},{"floor":13,"key":"Du-Vu Doll"},{"floor":23,"key":"Dream Catcher"},{"floor":25,"key":"Darkstone Periapt"},{"floor":26,"key":"The Courier"},{"floor":31,"key":"Girya"},{"floor":38,"key":"Prayer Wheel"},{"floor":40,"key":"Art of War"},{"floor":45,"key":"Eternal Feather"},{"floor":47,"key":"Question Card"},{"floor":55,"key":"Bottled Tornado"}],"event_choices":[{"damage_healed":0,"gold_gain":0,"player_choice":"Ignored","damage_taken":0,"max_hp_gain":0,"max_hp_loss":0,"event_name":"The Mausoleum","floor":24,"gold_loss":0},{"cards_removed":["Defend_P"],"damage_healed":0,"gold_gain":0,"player_choice":"Gave Gold","damage_taken":0,"max_hp_gain":0,"max_hp_loss":0,"event_name":"Beggar","floor":28,"gold_loss":75},{"damage_healed":0,"gold_gain":0,"player_choice":"Fight","damage_taken":0,"max_hp_gain":0,"max_hp_loss":0,"event_name":"Mysterious Sphere","floor":38,"gold_loss":0},{"cards_removed":["CutThroughFate"],"damage_healed":0,"gold_gain":0,"player_choice":"Removed Attack","damage_taken":0,"max_hp_gain":0,"max_hp_loss":0,"event_name":"Falling","floor":41,"gold_loss":0}],"is_beta":false,"boss_relics":[{"not_picked":["Cursed Key","Philosopher\u0027s Stone"],"picked":"Fusion Hammer"},{"not_picked":["Runic Dome","Busted Crown"],"picked":"SlaversCollar"}],"items_purged_floors":[2,19,54],"is_endless":false,"potions_floor_spawned":[1,5,14,18,20,21,22,36,37,40,42,44],"ascension_level":20}