{"gold_per_floor":[118,130,147,147,157,157,184,184,184,184,195,228,245,273,273,350,350,368,31,43,43,43,43,78,78,127,139,183,211,258,7,7,82,82,101,117,117,117,130,158,178,211,279,312,312,323,333,343,343,343,343,343,343,26,26],"floor_reached":55,"playtime":3518,"items_purged":["Defend_P","Defend_P"],"score":2174,"play_id":"4bd0b530-4b92-456b-a285-1ce5d4ecc097","local_time":"20240123010715","is_ascension_mode":true,"campfire_choices":[{"data":"Eruption","floor":6,"key":"SMITH"},{"data":"WheelKick","floor":8,"key":"SMITH"},{"data":"EmptyFist","floor":10,"key":"SMITH"},{"data":"Prostrate","floor":15,"key":"SMITH"},{"floor":23,"key":"REST"},{"data":"Fasting2","floor":25,"key":"SMITH"},{"floor":27,"key":"REST"},{"floor":32,"key":"REST"},{"floor":45,"key":"REST"},{"floor":49,"key":"RECALL"},{"floor":53,"key":"REST"}],"neow_cost":"NONE","seed_source_timestamp":1094084795630300,"circlet_count":0,"master_deck":["AscendersBane","Strike_P","Strike_P","Strike_P","Strike_P","Defend_P","Eruption+1","WheelKick+1","MentalFortress","EmptyFist+1","FlurryOfBlows","Adaptation","Halt","Prostrate+1","EmptyMind","MentalFortress","Prostrate+1","Prostrate+1","Fasting2+1","Meditate","Fasting2","Vault","Fasting2+1","CutThroughFate+1","EmptyMind","Sanctity","CutThroughFate"],"relics":["PureWater","Sundial","Gremlin Horn","Damaru","Regal Pillow","Philosopher\u0027s Stone","OrangePellets","Mercury Hourglass","MawBank","Smiling Mask","Orichalcum","Frozen Eye","Black Star","Centennial Puzzle","Thread and Needle","Strawberry","Bottled Lightning","MealTicket","Blood Vial","GoldenEye"],"potions_floor_usage":[5,12,16,18,30,30,33,51],"damage_taken":[{"damage":2,"enemies":"Jaw Worm","floor":1,"turns":4},{"damage":0,"enemies":"Cultist","floor":2,"turns":2},{"damage":5,"enemies":"2 Louse","floor":3,"turns":3},{"damage":2,"enemies":"Gremlin Gang","floor":5,"turns":6},{"damage":0,"enemies":"Gremlin Nob","floor":7,"turns":2},{"damage":6,"enemies":"Looter","floor":11,"turns":3},{"damage":6,"enemies":"Lagavulin","floor":12,"turns":4},{"damage":0,"enemies":"Large Slime","floor":13,"turns":3},{"damage":0,"enemies":"Gremlin Nob","floor":14,"turns":2},{"damage":6,"enemies":"The Guardian","floor":16,"turns":7},{"damage":19,"enemies":"Shell Parasite","floor":18,"turns":3},{"damage":38,"enemies":"3 Byrds","floor":20,"turns":4},{"damage":7,"enemies":"Gremlin Leader","floor":24,"turns":3},{"damage":20,"enemies":"Book of Stabbing","floor":28,"turns":4},{"damage":0,"enemies":"Snecko","floor":29,"turns":3},{"damage":26,"enemies":"Slavers","floor":30,"turns":5},{"damage":0,"enemies":"Collector","floor":33,"turns":3},{"damage":0,"enemies":"3 Shapes","floor":35,"turns":4},{"damage":11,"enemies":"Orb Walker","floor":36,"turns":4},{"damage":1,"enemies":"3 Darklings","floor":39,"turns":3},{"damage":2,"enemies":"Reptomancer","floor":40,"turns":5},{"damage":9,"enemies":"4 Shapes","floor":41,"turns":4},{"damage":1,"enemies":"Giant Head","floor":42,"turns":7},{"damage":31,"enemies":"Nemesis","floor":44,"turns":5},{"damage":0,"enemies":"Maw","floor":46,"turns":5},{"damage":7,"enemies":"3 Darklings","floor":47,"turns":3},{"damage":0,"enemies":"Spire Growth","floor":48,"turns":4},{"damage":29,"enemies":"Awakened One","floor":50,"turns":7},{"damage":21,"enemies":"Donu and Deca","floor":51,"turns":8},{"damage":81,"enemies":"Shield and Spear","floor":55,"turns":3}],"seed_played":"-4589573113242491421","potions_obtained":[{"floor":1,"key":"Fire Potion"},{"floor":7,"key":"BlessingOfTheForge"},{"floor":11,"key":"SkillPotion"},{"floor":12,"key":"Ancient Potion"},{"floor":13,"key":"PowerPotion"},{"floor":24,"key":"GamblersBrew"},{"floor":30,"key":"SkillPotion"},{"floor":36,"key":"SpeedPotion"},{"floor":40,"key":"SteroidPotion"}],"is_trial":false,"path_per_floor":["M","M","M","?","M","R","E","R","T","R","M","E","M","E","R","B",null,"M","$","M","$","?","R","E","R","T","R","E","M","E","$","R","B",null,"M","M","?","?","M","E","M","E","T","E","R","M","M","M","R","B","B",null,"R","$","E"],"character_chosen":"WATCHER","items_purchased":["OrangePellets","SteroidPotion","MentalFortress","Fasting2","Frozen Eye","GoldenEye"],"campfire_rested":5,"item_purchase_floors":[19,19,19,31,31,54],"current_hp_per_floor":[59,59,54,54,52,52,52,52,52,52,46,40,40,40,40,34,60,41,41,3,3,3,38,31,31,31,66,46,46,20,20,55,55,65,65,54,54,54,53,51,42,48,48,17,54,56,51,53,53,26,7,58,75,75,0],"gold":26,"neow_bonus":"THREE_CARDS","is_prod":false,"is_daily":false,"chose_seed":false,"campfire_upgraded":5,"win_rate":0,"timestamp":1706000835,"path_taken":["M","M","M","?","M","R","E","R","T","R","M","E","?","E","R","BOSS","M","?","M","?","?","R","E","R","T","R","E","M","E","$","R","BOSS","M","?","?","?","M","E","M","E","T","E","R","?","?","M","R","BOSS","BOSS","R","$","E"],"build_version":"2022-12-18","purchased_purges":2,"victory":false,"max_hp_per_floor":[68,68,68,68,68,68,68,68,68,68,68,68,68,68,68,68,68,68,68,68,68,68,68,68,68,68,68,68,68,68,68,68,68,68,68,68,68,68,68,68,68,75,75,75,75,75,75,75,75,75,75,75,75,75,75],"card_choices":[{"not_picked":["BowlingBash","Worship"],"picked":"WheelKick","floor":0},{"not_picked":["Crescendo","SashWhip"],"picked":"MentalFortress","floor":1},{"not_picked":["Worship","Wireheading","PathToVictory"],"picked":"SKIP","floor":2},{"not_picked":["WheelKick","Conclude"],"picked":"EmptyFist","floor":3},{"not_picked":["Wireheading","SashWhip"],"picked":"FlurryOfBlows","floor":5},{"not_picked":["Scrawl","LikeWater"],"picked":"Adaptation","floor":7},{"not_picked":["ThirdEye","JustLucky"],"picked":"Halt","floor":11},{"not_picked":["ClearTheMind","MentalFortress","BowlingBash"],"picked":"SKIP","floor":12},{"not_picked":["CrushJoints","DeceiveReality"],"picked":"Prostrate","floor":13},{"not_picked":["MentalFortress","CarveReality"],"picked":"EmptyMind","floor":14},{"not_picked":["EmptyFist","Study","Evaluate"],"picked":"SKIP","floor":18},{"not_picked":["FlurryOfBlows","ClearTheMind"],"picked":"Prostrate+1","floor":20},{"not_picked":["SpiritShield","Evaluate"],"picked":"Fasting2","floor":24},{"not_picked":["Swivel","CutThroughFate+1"],"picked":"Meditate","floor":28},{"not_picked":["FlurryOfBlows","Adaptation","Prostrate"],"picked":"SKIP","floor":29},{"not_picked":["Prostrate","DeusExMachina","PathToVictory"],"picked":"SKIP","floor":30},{"not_picked":["DevaForm","Brilliance"],"picked":"Vault","floor":33},{"not_picked":["EmptyMind","FlurryOfBlows+1"],"picked":"Fasting2+1","floor":35},{"not_picked":["Protect","Prostrate"],"picked":"CutThroughFate+1","floor":36},{"not_picked":["PathToVictory","ClearTheMind+1","FlurryOfBlows"],"picked":"SKIP","floor":39},{"not_picked":["Collect","Evaluate","Fasting2+1"],"picked":"SKIP","floor":40},{"not_picked":["LessonLearned","CrushJoints"],"picked":"Sanctity","floor":41},{"not_picked":["CrushJoints+1","FlyingSleeves+1","ThirdEye"],"picked":"SKIP","floor":42},{"not_picked":["FearNoEvil","CrushJoints","JustLucky"],"picked":"SKIP","floor":44},{"not_picked":["PathToVictory","Nirvana","Adaptation"],"picked":"SKIP","floor":46},{"not_picked":["PathToVictory","Nirvana","Adaptation"],"picked":"SKIP","floor":46},{"not_picked":["Consecrate","ClearTheMind"],"picked":"CutThroughFate","floor":47},{"not_picked":["SignatureMove","Fasting2","FlurryOfBlows"],"picked":"SKIP","floor":48}],"player_experience":1268254,"relics_obtained":[{"floor":7,"key":"Sundial"},{"floor":9,"key":"Gremlin Horn"},{"floor":12,"key":"Damaru"},{"floor":14,"key":"Regal Pillow"},{"floor":24,"key":"Mercury Hourglass"},{"floor":26,"key":"MawBank"},{"floor":28,"key":"Smiling Mask"},{"floor":30,"key":"Orichalcum"},{"floor":40,"key":"Centennial Puzzle"},{"floor":40,"key":"Thread and Needle"},{"floor":42,"key":"Strawberry"},{"floor":42,"key":"Bottled Lightning"},{"floor":44,"key":"MealTicket"},{"floor":44,"key":"Blood Vial"}],"event_choices":[{"cards_removed":["Defend_P"],"damage_healed":0,"gold_gain":0,"player_choice":"Offered Basic","damage_taken":0,"max_hp_gain":0,"max_hp_loss":0,"event_name":"Bonfire Elementals","floor":4,"gold_loss":0},{"damage_healed":0,"gold_gain":0,"player_choice":"Copied","damage_taken":0,"max_hp_gain":0,"max_hp_loss":0,"event_name":"Duplicator","floor":22,"gold_loss":0,"cards_obtained":["Prostrate"]},{"cards_removed":["Vigilance"],"damage_healed":0,"gold_gain":0,"player_choice":"Removed Skill","damage_taken":0,"max_hp_gain":0,"max_hp_loss":0,"event_name":"Falling","floor":37,"gold_loss":0},{"damage_healed":0,"gold_gain":0,"player_choice":"1 cards matched","damage_taken":0,"max_hp_gain":0,"max_hp_loss":0,"event_name":"Match and Keep!","floor":38,"gold_loss":0,"cards_obtained":["EmptyMind"]}],"is_beta":false,"boss_relics":[{"not_picked":["SlaversCollar","SacredBark"],"picked":"Philosopher\u0027s Stone"},{"not_picked":["Sozu","Busted Crown"],"picked":"Black Star"}],"items_purged_floors":[19,31],"is_endless":false,"potions_floor_spawned":[1,7,11,12,13,24,30,36,40,47],"killed_by":"Shield and Spear","ascension_level":20}