{"gold_per_floor":[113,133,151,76,76,101,101,121,144,179,205,239,260,293,293,377,377,388,431,449,449,110,110,119,154,177,232,255,289,309,325,325,413,413,427,446,157,175,175,191,201,242,269,303,314,339,360,380,380,380,380,380,380,18,48,48],"floor_reached":57,"playtime":4905,"items_purged":["Strike_P","Strike_P","Decay","LessonLearned+1"],"score":3143,"play_id":"35b82b8a-b44c-4714-9f5e-f0b3fabb2ed0","local_time":"20240208204312","is_ascension_mode":true,"campfire_choices":[{"data":"SignatureMove","floor":7.0,"key":"SMITH"},{"data":"ForeignInfluence","floor":15.0,"key":"SMITH"},{"data":"ThirdEye","floor":23.0,"key":"SMITH"},{"data":"Consecrate","floor":32,"key":"SMITH"},{"floor":49,"key":"RECALL"},{"floor":53,"key":"REST"}],"neow_cost":"NONE","seed_source_timestamp":2545685411959300,"circlet_count":0,"master_deck":["AscendersBane","Strike_P+1","Defend_P+1","Defend_P+1","Defend_P+1","Eruption+1","Vigilance+1","SignatureMove+1","Wireheading+1","ForeignInfluence+1","Consecrate+1","EmptyMind+1","Tantrum+1","TalkToTheHand+1","ThirdEye+1","FearNoEvil+1","TalkToTheHand+1","ClearTheMind+1","Halt+1","ForeignInfluence+1","Scrawl+1","Panacea+1","Trip+1","Purity+1","CutThroughFate+1","Meditate+1","Scrawl+1"],"special_seed":0,"relics":["PureWater","CeramicFish","Bag of Marbles","Tiny Chest","Bronze Scales","HornCleat","Runic Pyramid","Red Mask","Potion Belt","Toxic Egg 2","Art of War","Bag of Preparation","Toy Ornithopter","Blue Candle","SlaversCollar","Blood Vial","Centennial Puzzle","Lizard Tail","DollysMirror","Anchor"],"potions_floor_usage":[29,50,56,56,56,56],"damage_taken":[{"damage":3.0,"enemies":"Small Slimes","floor":1.0,"turns":4.0},{"damage":7.0,"enemies":"Jaw Worm","floor":2.0,"turns":4.0},{"damage":0.0,"enemies":"2 Louse","floor":3.0,"turns":3.0},{"damage":3.0,"enemies":"Gremlin Nob","floor":6.0,"turns":3.0},{"damage":0.0,"enemies":"2 Fungi Beasts","floor":8.0,"turns":2.0},{"damage":7.0,"enemies":"Lagavulin","floor":10.0,"turns":6.0},{"damage":5.0,"enemies":"Exordium Thugs","floor":11.0,"turns":2.0},{"damage":0.0,"enemies":"Gremlin Nob","floor":12.0,"turns":2.0},{"damage":0.0,"enemies":"Exordium Wildlife","floor":13.0,"turns":2.0},{"damage":13.0,"enemies":"Lagavulin","floor":14.0,"turns":5.0},{"damage":5.0,"enemies":"Hexaghost","floor":16.0,"turns":8.0},{"damage":0.0,"enemies":"Chosen","floor":18.0,"turns":3.0},{"damage":0.0,"enemies":"Masked Bandits","floor":19.0,"turns":3.0},{"damage":0.0,"enemies":"Shell Parasite","floor":20.0,"turns":4.0},{"damage":4.0,"enemies":"Book of Stabbing","floor":25.0,"turns":3.0},{"damage":7,"enemies":"Slavers","floor":27,"turns":4},{"damage":0,"enemies":"Gremlin Leader","floor":29,"turns":4},{"damage":0,"enemies":"Centurion and Healer","floor":30,"turns":1},{"damage":0,"enemies":"Snecko","floor":31,"turns":3},{"damage":17,"enemies":"Collector","floor":33,"turns":13},{"damage":0,"enemies":"3 Darklings","floor":35,"turns":2},{"damage":0,"enemies":"3 Shapes","floor":36,"turns":3},{"damage":19,"enemies":"Jaw Worm Horde","floor":40,"turns":4},{"damage":0,"enemies":"Spire Growth","floor":41,"turns":2},{"damage":0,"enemies":"Giant Head","floor":42,"turns":4},{"damage":0,"enemies":"Reptomancer","floor":44,"turns":4},{"damage":0,"enemies":"Sphere and 2 Shapes","floor":45,"turns":3},{"damage":0,"enemies":"Nemesis","floor":46,"turns":3},{"damage":1,"enemies":"Transient","floor":47,"turns":6},{"damage":0,"enemies":"Maw","floor":48,"turns":5},{"damage":16,"enemies":"Time Eater","floor":50,"turns":10},{"damage":12,"enemies":"Awakened One","floor":51,"turns":11},{"damage":0,"enemies":"Shield and Spear","floor":55,"turns":3},{"damage":12,"enemies":"The Heart","floor":56,"turns":7}],"seed_played":"7261397855282623376","potions_obtained":[{"floor":2.0,"key":"Weak Potion"},{"floor":6.0,"key":"BlessingOfTheForge"},{"floor":8.0,"key":"SkillPotion"},{"floor":13.0,"key":"Ancient Potion"},{"floor":14.0,"key":"DuplicationPotion"},{"floor":16.0,"key":"StancePotion"},{"floor":25.0,"key":"Ancient Potion"},{"floor":27,"key":"DuplicationPotion"},{"floor":29,"key":"Dexterity Potion"}],"is_trial":false,"path_per_floor":["M","M","M","$","?","E","R","M","T","E","M","E","M","E","R","B",null,"M","?","M","?","$","R","?","E","T","E","T","E","M","M","R","B",null,"M","M","$","?","?","M","M","E","T","E","M","E","M","M","R","B","B",null,"R","$","E","B",null],"character_chosen":"WATCHER","items_purchased":["FearNoEvil","Potion Belt","GamblersBrew","Panacea+1","DollysMirror","Dexterity Potion"],"campfire_rested":1,"item_purchase_floors":[22,22,37,37,54,54],"current_hp_per_floor":[58,51,51,51,56,53,53,53,53,46,41,41,41,28,28,23,61,61,61,61,61,61,61,61,57,57,50,50,55,55,55,55,38,64,64,64,64,54,54,35,35,35,35,37,39,41,42,44,44,35,25,61,73,73,73,61],"gold":48,"neow_bonus":"UPGRADE_CARD","is_prod":false,"is_daily":false,"chose_seed":false,"campfire_upgraded":4,"win_rate":0,"timestamp":1707453792,"path_taken":["M","M","M","$","?","E","R","M","T","E","M","E","M","E","R","BOSS","M","?","M","?","$","R","?","E","T","E","?","E","M","M","R","BOSS","M","M","$","?","?","M","M","E","T","E","M","E","M","M","R","BOSS","BOSS","R","$","E","BOSS"],"build_version":"2022-12-18","purchased_purges":4,"victory":true,"max_hp_per_floor":[68,68,68,68,73,73,73,73,73,73,73,73,73,73,73,73,73,73,73,73,73,73,73,73,73,73,73,73,73,73,73,73,73,73,73,73,73,73,73,73,73,73,73,73,73,73,73,73,73,73,73,73,73,73,73,73],"card_choices":[{"not_picked":["EmptyBody","Crescendo"],"picked":"SignatureMove","floor":1.0},{"not_picked":["Evaluate","CrushJoints","WindmillStrike"],"picked":"SKIP","floor":2.0},{"not_picked":["Halt","Evaluate"],"picked":"Wireheading","floor":3.0},{"not_picked":["MentalFortress","LikeWater","Halt"],"picked":"SKIP","floor":6.0},{"not_picked":["ThirdEye","ClearTheMind"],"picked":"ForeignInfluence","floor":8.0},{"not_picked":["Halt","SashWhip"],"picked":"Consecrate","floor":10.0},{"not_picked":["SashWhip","ClearTheMind"],"picked":"EmptyMind","floor":11.0},{"not_picked":["Protect","BattleHymn"],"picked":"Tantrum","floor":12.0},{"not_picked":["Wireheading","Worship"],"picked":"TalkToTheHand","floor":13.0},{"not_picked":["Study","EmptyFist","Swivel"],"picked":"SKIP","floor":14.0},{"not_picked":["Devotion","Scrawl"],"picked":"LessonLearned","floor":16.0},{"not_picked":["ClearTheMind","Consecrate","PathToVictory+1"],"picked":"SKIP","floor":18.0},{"not_picked":["CutThroughFate","Halt"],"picked":"ThirdEye","floor":19.0},{"not_picked":["Protect+1","SandsOfTime","FlyingSleeves"],"picked":"SKIP","floor":20.0},{"not_picked":["DeusExMachina+1","SandsOfTime"],"picked":"TalkToTheHand+1","floor":25.0},{"not_picked":["Consecrate","WreathOfFlame+1"],"picked":"ClearTheMind+1","floor":27},{"not_picked":["WreathOfFlame+1","Evaluate+1"],"picked":"Halt+1","floor":29},{"not_picked":["Evaluate+1","Swivel+1"],"picked":"ForeignInfluence+1","floor":30},{"not_picked":["Wireheading","FollowUp","JustLucky"],"picked":"SKIP","floor":31},{"not_picked":["Alpha+1","MasterReality"],"picked":"Scrawl+1","floor":33},{"not_picked":["CrushJoints+1","EmptyBody+1","Halt+1"],"picked":"SKIP","floor":35},{"not_picked":["Consecrate","Protect+1","ClearTheMind+1"],"picked":"SKIP","floor":36},{"not_picked":["Transmutation+1","Panache"],"picked":"Trip+1","floor":38},{"not_picked":["Enlightenment+1","Dramatic Entrance"],"picked":"Purity+1","floor":38},{"not_picked":["ClearTheMind+1","FlyingSleeves","Protect+1"],"picked":"SKIP","floor":40},{"not_picked":["EmptyFist","Study","BowlingBash+1"],"picked":"SKIP","floor":41},{"not_picked":["ThirdEye+1","EmptyBody+1"],"picked":"CutThroughFate","floor":42},{"not_picked":["WindmillStrike","Worship+1","WreathOfFlame+1"],"picked":"SKIP","floor":44},{"not_picked":["WindmillStrike","Worship+1","WreathOfFlame+1"],"picked":"SKIP","floor":44},{"not_picked":["BattleHymn","ClearTheMind+1","Weave"],"picked":"SKIP","floor":45},{"not_picked":["Collect+1","EmptyBody+1","WindmillStrike"],"picked":"SKIP","floor":46},{"not_picked":["SignatureMove","MasterReality"],"picked":"Meditate+1","floor":47},{"not_picked":["Swivel+1","Collect+1","PathToVictory+1"],"picked":"SKIP","floor":48},{"not_picked":["Protect+1","Vengeance+1","LikeWater+1"],"picked":"SKIP","floor":55}],"player_experience":1333977,"relics_obtained":[{"floor":6.0,"key":"CeramicFish"},{"floor":9.0,"key":"Bag of Marbles"},{"floor":10.0,"key":"Tiny Chest"},{"floor":12.0,"key":"Bronze Scales"},{"floor":14.0,"key":"HornCleat"},{"floor":19.0,"key":"Red Mask"},{"floor":25.0,"key":"Toxic Egg 2"},{"floor":26.0,"key":"Art of War"},{"floor":27,"key":"Bag of Preparation"},{"floor":28,"key":"Toy Ornithopter"},{"floor":29,"key":"Blue Candle"},{"floor":42,"key":"Blood Vial"},{"floor":44,"key":"Centennial Puzzle"},{"floor":46,"key":"Lizard Tail"},{"floor":55,"key":"Anchor"}],"event_choices":[{"damage_healed":0.0,"max_hp_gain":5.0,"max_hp_loss":0.0,"gold_gain":0.0,"event_name":"Big Fish","player_choice":"Donut","floor":5.0,"gold_loss":0.0,"damage_taken":0.0},{"damage_healed":0.0,"max_hp_gain":0.0,"max_hp_loss":0.0,"gold_gain":0.0,"event_name":"Masked Bandits","player_choice":"Fought Bandits","floor":19.0,"gold_loss":0.0,"damage_taken":0.0},{"cards_removed":["Strike_P"],"damage_healed":0.0,"max_hp_gain":0.0,"max_hp_loss":0.0,"gold_gain":0.0,"event_name":"Back to Basics","player_choice":"Elegance","floor":21.0,"gold_loss":0.0,"damage_taken":0.0},{"damage_healed":0.0,"max_hp_gain":0.0,"max_hp_loss":0.0,"gold_gain":0.0,"event_name":"Wheel of Change","player_choice":"Cursed","floor":24.0,"gold_loss":0.0,"damage_taken":0.0,"cards_obtained":["Decay"]},{"damage_healed":0,"gold_gain":0,"player_choice":"Memory 3","damage_taken":10,"max_hp_gain":0,"max_hp_loss":0,"event_name":"SensoryStone","floor":38,"gold_loss":0},{"cards_removed":["Defend_P"],"damage_healed":0,"gold_gain":0,"player_choice":"Purged","damage_taken":0,"max_hp_gain":0,"max_hp_loss":0,"event_name":"Purifier","floor":39,"gold_loss":0}],"is_beta":false,"boss_relics":[{"not_picked":["Velvet Choker","Astrolabe"],"picked":"Runic Pyramid"},{"not_picked":["SacredBark","Busted Crown"],"picked":"SlaversCollar"}],"items_purged_floors":[4,22,37,54],"is_endless":false,"potions_floor_spawned":[2,6,8,13,14,16,18,25,27,29,33,36,41,44,48],"ascension_level":20}