{"gold_per_floor":[113,127,142,156,231,231,247,247,247,247,257,257,267,283,283,384,384,395,61,61,39,39,39,55,55,55,255,272,272,304,322,322,419,419,437,437,449,461,561,561,591,609,609,620,631,664,664,664,664,664,664,664,41,75,75],"floor_reached":55,"playtime":4616,"items_purged":["Reprogram","Strike_B+1"],"score":791,"play_id":"ff132c89-b8f8-4a38-aae5-37c82ff28675","local_time":"20230805181427","is_ascension_mode":false,"campfire_choices":[{"data":"White Noise","floor":6,"key":"SMITH"},{"data":"Consume","floor":8,"key":"SMITH"},{"floor":10,"key":"RECALL"},{"data":"Chill","floor":15,"key":"SMITH"},{"data":"Loop","floor":23,"key":"SMITH"},{"data":"Redo","floor":25,"key":"SMITH"},{"data":"Zap","floor":29,"key":"SMITH"},{"data":"Redo","floor":32,"key":"SMITH"},{"data":"White Noise","floor":40,"key":"SMITH"},{"data":"White Noise","floor":47,"key":"SMITH"},{"floor":49,"key":"REST"},{"floor":52,"key":"REST"}],"neow_cost":"NONE","seed_source_timestamp":1740187776095400,"circlet_count":0,"master_deck":["Defend_B+1","Defend_B+1","Defend_B+1","Zap+1","Dualcast+1","White Noise+1","FTL+1","Darkness+1","Genetic Algorithm+1","Consume+1","Chill+1","Go for the Eyes+1","Thunder Strike+1","Coolheaded+1","Loop+1","Auto Shields+1","Redo+1","Leap+1","Turbo+1","Redo+1","Self Repair+1","Electrodynamics+1","White Noise+1","Compile Driver+1","White Noise+1","Heatsinks+1","Consume","Consume+1"],"relics":["FrozenCore","HornCleat","Inserter","Lee\u0027s Waffle","StoneCalendar","Bag of Marbles","Thread and Needle","Pear","Du-Vu Doll","Mark of the Bloom","Happy Flower","HandDrill","Vajra","Ice Cream"],"potions_floor_usage":[7,16,33,33,50,54,55,55],"damage_taken":[{"damage":0,"enemies":"2 Louse","floor":1,"turns":3},{"damage":3,"enemies":"Jaw Worm","floor":2,"turns":4},{"damage":1,"enemies":"Cultist","floor":3,"turns":3},{"damage":15,"enemies":"Exordium Thugs","floor":4,"turns":4},{"damage":17,"enemies":"Red Slaver","floor":7,"turns":4},{"damage":5,"enemies":"Exordium Wildlife","floor":11,"turns":3},{"damage":0,"enemies":"Blue Slaver","floor":13,"turns":4},{"damage":0,"enemies":"Gremlin Gang","floor":14,"turns":3},{"damage":22,"enemies":"Slime Boss","floor":16,"turns":7},{"damage":42,"enemies":"3 Byrds","floor":18,"turns":9},{"damage":0,"enemies":"Shell Parasite","floor":24,"turns":7},{"damage":8,"enemies":"Centurion and Healer","floor":28,"turns":5},{"damage":20,"enemies":"Gremlin Leader","floor":30,"turns":13},{"damage":10,"enemies":"Snake Plant","floor":31,"turns":4},{"damage":9,"enemies":"Collector","floor":33,"turns":10},{"damage":0,"enemies":"Orb Walker","floor":35,"turns":5},{"damage":0,"enemies":"3 Shapes","floor":37,"turns":4},{"damage":22,"enemies":"Jaw Worm Horde","floor":38,"turns":6},{"damage":0,"enemies":"Giant Head","floor":41,"turns":9},{"damage":0,"enemies":"3 Darklings","floor":42,"turns":5},{"damage":6,"enemies":"4 Shapes","floor":44,"turns":3},{"damage":0,"enemies":"Transient","floor":45,"turns":5},{"damage":2,"enemies":"Nemesis","floor":46,"turns":9},{"damage":39,"enemies":"Awakened One","floor":50,"turns":12},{"damage":32,"enemies":"Shield and Spear","floor":54,"turns":5},{"damage":50,"enemies":"The Heart","floor":55,"turns":2}],"seed_played":"2722689872508202862","potions_obtained":[{"floor":1,"key":"SteroidPotion"},{"floor":4,"key":"Fruit Juice"},{"floor":16,"key":"Strength Potion"},{"floor":18,"key":"EssenceOfSteel"},{"floor":24,"key":"SteroidPotion"},{"floor":33,"key":"EssenceOfSteel"},{"floor":35,"key":"EntropicBrew"},{"floor":54,"key":"Fire Potion"}],"is_trial":false,"path_per_floor":["M","M","M","M","?","R","M","R","T","R","M","?","M","M","R","B",null,"M","$","?","$","T","R","M","R","T","?","M","R","E","M","R","B",null,"M","?","M","M","?","R","E","M","T","M","M","E","R","?","R","B",null,"R","$","E","B"],"character_chosen":"DEFECT","items_purchased":["Lee\u0027s Waffle","Loop","Auto Shields","Redo","Consume","Happy Flower","HandDrill","Vajra"],"campfire_rested":2,"item_purchase_floors":[19,19,19,21,53,53,53,53],"current_hp_per_floor":[75,72,71,56,45,45,33,33,33,33,28,28,28,28,28,6,80,38,87,87,87,87,87,87,87,87,87,79,79,59,49,49,50,87,87,87,87,65,65,65,75,85,95,97,97,95,95,95,95,56,56,56,56,24,0],"gold":75,"neow_bonus":"REMOVE_CARD","is_prod":false,"is_daily":false,"chose_seed":false,"campfire_upgraded":9,"win_rate":0,"timestamp":1691284467,"path_taken":["M","M","M","M","?","R","M","R","T","R","M","?","M","M","R","BOSS","M","$","?","$","?","R","?","R","T","?","M","R","E","M","R","BOSS","M","?","?","M","?","R","E","M","T","M","?","E","R","?","R","BOSS","R","$","E","BOSS"],"build_version":"2022-12-18","purchased_purges":2,"victory":false,"max_hp_per_floor":[75,75,75,75,75,75,80,80,80,80,80,80,80,80,80,80,80,80,87,87,87,87,87,87,87,87,87,87,87,87,87,87,87,87,87,87,87,87,87,87,87,87,97,97,97,97,97,97,97,97,97,97,97,97,97],"card_choices":[{"not_picked":["Storm","Leap"],"picked":"White Noise","floor":1},{"not_picked":["Beam Cell","Ball Lightning"],"picked":"FTL","floor":2},{"not_picked":["Steam","Beam Cell"],"picked":"Darkness","floor":3},{"not_picked":["FTL","Streamline"],"picked":"Genetic Algorithm","floor":4},{"not_picked":["Barrage","Steam"],"picked":"Consume","floor":7},{"not_picked":["Barrage","Beam Cell"],"picked":"Chill","floor":11},{"not_picked":["Stack","Leap"],"picked":"Reprogram","floor":13},{"not_picked":["Compile Driver","Meteor Strike"],"picked":"Go for the Eyes","floor":14},{"not_picked":["All For One","Rainbow"],"picked":"Thunder Strike","floor":16},{"not_picked":["Stack","Beam Cell"],"picked":"Coolheaded+1","floor":18},{"not_picked":["Steam","Biased Cognition"],"picked":"Leap","floor":24},{"not_picked":["Capacitor","Rebound"],"picked":"Turbo+1","floor":28},{"not_picked":["Steam","Coolheaded+1"],"picked":"Redo","floor":30},{"not_picked":["Stack","Barrage"],"picked":"Self Repair+1","floor":31},{"not_picked":["Biased Cognition","Thunder Strike"],"picked":"Electrodynamics","floor":33},{"not_picked":["Doom and Gloom","Double Energy","Undo+1"],"picked":"SKIP","floor":35},{"not_picked":["Compile Driver","Genetic Algorithm+1","Tempest+1"],"picked":"SKIP","floor":37},{"not_picked":["Cold Snap+1","Gash","Heatsinks"],"picked":"SKIP","floor":38},{"not_picked":["Turbo+1","Sweeping Beam","Compile Driver"],"picked":"SKIP","floor":41},{"not_picked":["Beam Cell+1","Redo"],"picked":"Compile Driver","floor":42},{"not_picked":["Double Energy+1","Barrage+1"],"picked":"White Noise","floor":44},{"not_picked":["Leap+1","Streamline+1","Redo"],"picked":"SKIP","floor":45},{"not_picked":["Genetic Algorithm","Hello World"],"picked":"Heatsinks+1","floor":46},{"not_picked":["Aggregate","Amplify"],"picked":"Consume+1","floor":54}],"player_experience":84425,"relics_obtained":[{"floor":9,"key":"HornCleat"},{"floor":22,"key":"StoneCalendar"},{"floor":30,"key":"Bag of Marbles"},{"floor":41,"key":"Thread and Needle"},{"floor":43,"key":"Pear"},{"floor":46,"key":"Du-Vu Doll"},{"floor":54,"key":"Ice Cream"}],"event_choices":[{"damage_healed":0,"gold_gain":75,"player_choice":"Gather Gold","damage_taken":11,"max_hp_gain":0,"max_hp_loss":0,"event_name":"World of Goop","floor":5,"gold_loss":0},{"cards_removed":["Strike_B"],"damage_healed":0,"gold_gain":0,"player_choice":"Card Removal","damage_taken":0,"max_hp_gain":0,"max_hp_loss":0,"event_name":"Wheel of Change","floor":12,"gold_loss":0},{"cards_removed":["Defend_B"],"damage_healed":0,"gold_gain":0,"player_choice":"Offered Basic","damage_taken":0,"max_hp_gain":0,"max_hp_loss":0,"event_name":"Bonfire Elementals","floor":20,"gold_loss":0},{"damage_healed":0,"gold_gain":250,"player_choice":"Bet on Owner","damage_taken":0,"max_hp_gain":0,"max_hp_loss":0,"event_name":"The Joust","floor":27,"gold_loss":50},{"damage_healed":0,"gold_gain":0,"cards_transformed":["Strike_B"],"player_choice":"Transformed","damage_taken":0,"max_hp_gain":0,"max_hp_loss":0,"event_name":"Transmorgrifier","floor":36,"gold_loss":0,"cards_obtained":["White Noise"]},{"damage_healed":0,"gold_gain":100,"player_choice":"Pray","damage_taken":0,"max_hp_gain":0,"max_hp_loss":0,"event_name":"Golden Shrine","floor":39,"gold_loss":0},{"damage_healed":0,"gold_gain":0,"player_choice":"Upgrade","damage_taken":0,"relics_obtained":["Mark of the Bloom"],"max_hp_gain":0,"max_hp_loss":0,"event_name":"MindBloom","floor":48,"gold_loss":0,"cards_upgraded":["Strike_B","Defend_B","Defend_B","Defend_B","Dualcast","FTL","Darkness","Genetic Algorithm","Go for the Eyes","Thunder Strike","Auto Shields","Leap","Electrodynamics","Compile Driver"]}],"is_beta":false,"boss_relics":[{"not_picked":["Sozu","Snecko Eye"],"picked":"Inserter"},{"not_picked":["Astrolabe","Runic Dome"],"picked":"FrozenCore"}],"items_purged_floors":[19,53],"is_endless":false,"potions_floor_spawned":[1,4,16,18,24,33,35,37,54],"killed_by":"The Heart","ascension_level":0}