{"gold_per_floor":[113,188,198,50,61,61,78,78,158,171,171,181,206,232,232,332,332,317,317,336,336,42,42,74,74,99,111,148,160,187,218,230,342,354,382,394,406,32,41,83,83,93,116,150,150,171,171,171,171,171],"floor_reached":51,"playtime":2725,"items_purged":["Force Field","Defend_B"],"score":747,"play_id":"930c20ce-dfa3-4e27-8e7b-9c59eb1ea24f","local_time":"20230813220045","is_ascension_mode":true,"campfire_choices":[{"data":"Defragment","floor":6,"key":"SMITH"},{"data":"Capacitor","floor":8,"key":"SMITH"},{"data":"Darkness","floor":15,"key":"SMITH"},{"data":"Zap","floor":23,"key":"SMITH"},{"data":"Glacier","floor":25,"key":"SMITH"},{"data":"BootSequence","floor":27,"key":"SMITH"},{"floor":32,"key":"REST"},{"data":"Leap","floor":41,"key":"SMITH"},{"data":"Coolheaded","floor":45,"key":"SMITH"},{"data":"Steam","floor":47,"key":"SMITH"},{"data":"Finesse","floor":49,"key":"SMITH"}],"neow_cost":"TEN_PERCENT_HP_LOSS","seed_source_timestamp":417715186408900,"circlet_count":0,"master_deck":["Defend_B+1","Defend_B+1","Zap+1","Dualcast+1","Glacier+1","Darkness+1","Defragment+1","Capacitor+1","Steam+1","Loop+1","Coolheaded+1","Machine Learning+1","Recycle+1","Steam+1","Capacitor+1","Static Discharge+1","Conserve Battery+1","BootSequence+1","Ball Lightning+1","Ball Lightning+1","Ball Lightning+1","Biased Cognition+1","Leap+1","Defragment+1","Finesse+1","Hologram+1","Parasite","Barrage+1","White Noise+1"],"relics":["Cracked Core","Frozen Egg 2","Dream Catcher","Orichalcum","Astrolabe","MutagenicStrength","Torii","Ancient Tea Set","MawBank","Eternal Feather","SlaversCollar","Matryoshka","CeramicFish","Ginger","DollysMirror","Lantern","Whetstone","Shuriken","Bronze Scales"],"potions_floor_usage":[18,31,31,33,50,50],"damage_taken":[{"damage":0,"enemies":"2 Louse","floor":1,"turns":1},{"damage":0,"enemies":"Cultist","floor":3,"turns":4},{"damage":1,"enemies":"Jaw Worm","floor":5,"turns":3},{"damage":2,"enemies":"Blue Slaver","floor":7,"turns":4},{"damage":0,"enemies":"3 Louse","floor":10,"turns":1},{"damage":0,"enemies":"Red Slaver","floor":12,"turns":4},{"damage":12,"enemies":"Lagavulin","floor":14,"turns":4},{"damage":8,"enemies":"Hexaghost","floor":16,"turns":8},{"damage":5,"enemies":"2 Thieves","floor":18,"turns":5},{"damage":4,"enemies":"Spheric Guardian","floor":20,"turns":6},{"damage":7,"enemies":"Book of Stabbing","floor":24,"turns":8},{"damage":24,"enemies":"Gremlin Leader","floor":28,"turns":7},{"damage":2,"enemies":"Chosen and Byrds","floor":30,"turns":6},{"damage":21,"enemies":"Cultist and Chosen","floor":31,"turns":6},{"damage":17,"enemies":"Automaton","floor":33,"turns":8},{"damage":6,"enemies":"3 Shapes","floor":35,"turns":3},{"damage":1,"enemies":"Giant Head","floor":40,"turns":8},{"damage":15,"enemies":"3 Darklings","floor":42,"turns":4},{"damage":10,"enemies":"Writhing Mass","floor":44,"turns":5},{"damage":9,"enemies":"Sphere and 2 Shapes","floor":46,"turns":4},{"damage":25,"enemies":"Awakened One","floor":50,"turns":11}],"seed_played":"-3408415062227406318","potions_obtained":[{"floor":1,"key":"PowerPotion"},{"floor":10,"key":"SkillPotion"},{"floor":16,"key":"Fire Potion"},{"floor":18,"key":"DuplicationPotion"},{"floor":20,"key":"Weak Potion"},{"floor":31,"key":"DuplicationPotion"},{"floor":33,"key":"Weak Potion"},{"floor":35,"key":"GamblersBrew"},{"floor":46,"key":"BlessingOfTheForge"}],"is_trial":false,"path_per_floor":["M","?","M","$","M","R","M","R","T","M","?","M","T","E","R","B",null,"M","?","M","?","$","R","E","R","T","R","E","?","M","M","R","B",null,"M","T","T","$","?","E","R","M","T","M","R","M","R","?","R","B",null],"character_chosen":"DEFECT","items_purchased":["Defragment","Torii","DollysMirror","Lantern"],"campfire_rested":1,"item_purchase_floors":[4,22,38,38],"current_hp_per_floor":[68,62,62,62,61,61,59,59,59,59,45,45,45,33,33,25,68,63,63,59,59,59,59,52,52,52,52,28,28,26,5,37,20,68,62,62,62,62,62,61,68,53,53,43,58,49,64,64,68,43],"gold":171,"neow_bonus":"TRANSFORM_TWO_CARDS","is_prod":false,"is_daily":false,"chose_seed":false,"campfire_upgraded":10,"win_rate":0,"timestamp":1691989245,"path_taken":["M","?","M","$","M","R","M","R","T","?","?","M","?","E","R","BOSS","M","?","M","?","$","R","E","R","T","R","E","?","M","M","R","BOSS","M","?","?","$","?","E","R","M","T","M","R","M","R","?","R","BOSS"],"build_version":"2022-12-18","purchased_purges":2,"victory":true,"max_hp_per_floor":[68,68,68,68,68,68,68,68,68,68,68,68,68,68,68,68,68,68,68,68,68,68,68,68,68,68,68,68,68,68,68,68,68,68,68,68,68,68,68,68,68,68,68,68,68,68,68,68,68,68],"card_choices":[{"not_picked":["Reinforced Body","Barrage"],"picked":"Glacier","floor":1},{"not_picked":["Rebound","Beam Cell"],"picked":"Darkness","floor":3},{"not_picked":["Compile Driver","Coolheaded","Heatsinks"],"picked":"SKIP","floor":5},{"not_picked":["Hologram","Chill"],"picked":"Capacitor","floor":7},{"not_picked":["Hologram","Stack"],"picked":"Steam","floor":10},{"not_picked":["Compile Driver","Blizzard"],"picked":"Loop+1","floor":12},{"not_picked":["Gash","Melter"],"picked":"Coolheaded","floor":14},{"not_picked":["Creative AI+1","Hyperbeam"],"picked":"Machine Learning+1","floor":16},{"not_picked":["Fusion","Turbo"],"picked":"Static Discharge+1","floor":18},{"not_picked":["Undo+1","Barrage"],"picked":"Conserve Battery+1","floor":20},{"not_picked":["Compile Driver","Sweeping Beam"],"picked":"BootSequence","floor":24},{"not_picked":["Compile Driver","Steam+1"],"picked":"Ball Lightning","floor":28},{"not_picked":["Force Field","Stack"],"picked":"Ball Lightning+1","floor":30},{"not_picked":["Darkness","Heatsinks+1","Compile Driver"],"picked":"SKIP","floor":31},{"not_picked":["Barrage","Conserve Battery"],"picked":"Ball Lightning+1","floor":32},{"not_picked":["Rainbow","Amplify"],"picked":"Biased Cognition+1","floor":33},{"not_picked":["Blizzard+1","Ball Lightning"],"picked":"Leap","floor":35},{"not_picked":["Trip","HandOfGreed"],"picked":"Finesse","floor":39},{"not_picked":["Beam Cell+1","Force Field+1"],"picked":"Hologram+1","floor":40},{"not_picked":["Reprogram+1","Rebound","Storm+1"],"picked":"SKIP","floor":42},{"not_picked":["Rebound+1","Chill"],"picked":"Barrage+1","floor":44},{"not_picked":["BootSequence","Sunder+1"],"picked":"White Noise+1","floor":46}],"player_experience":233602,"relics_obtained":[{"floor":9,"key":"Frozen Egg 2"},{"floor":13,"key":"Dream Catcher"},{"floor":14,"key":"Orichalcum"},{"floor":24,"key":"Ancient Tea Set"},{"floor":26,"key":"MawBank"},{"floor":28,"key":"Eternal Feather"},{"floor":36,"key":"Matryoshka"},{"floor":37,"key":"CeramicFish"},{"floor":37,"key":"Ginger"},{"floor":40,"key":"Whetstone"},{"floor":43,"key":"Shuriken"},{"floor":43,"key":"Bronze Scales"}],"event_choices":[{"damage_healed":0,"gold_gain":75,"player_choice":"Touch","damage_taken":6,"max_hp_gain":0,"max_hp_loss":0,"event_name":"FaceTrader","floor":2,"gold_loss":0},{"damage_healed":0,"gold_gain":0,"player_choice":"Entered Light","damage_taken":14,"max_hp_gain":0,"max_hp_loss":0,"event_name":"Shining Light","floor":11,"gold_loss":0,"cards_upgraded":["Defend_B","Defend_B"]},{"cards_removed":["Hyperbeam"],"damage_healed":0,"gold_gain":0,"player_choice":"Elegance","damage_taken":0,"max_hp_gain":0,"max_hp_loss":0,"event_name":"Back to Basics","floor":19,"gold_loss":0},{"damage_healed":0,"gold_gain":0,"player_choice":"Inject Mutagens","damage_taken":0,"relics_obtained":["MutagenicStrength"],"max_hp_gain":0,"max_hp_loss":0,"event_name":"Drug Dealer","floor":21,"gold_loss":0},{"damage_healed":0,"gold_gain":0,"player_choice":"Forge","damage_taken":0,"max_hp_gain":0,"max_hp_loss":0,"event_name":"Accursed Blacksmith","floor":29,"gold_loss":0,"cards_upgraded":["Dualcast"]},{"damage_healed":0,"gold_gain":0,"player_choice":"Memory 1","damage_taken":0,"max_hp_gain":0,"max_hp_loss":0,"event_name":"SensoryStone","floor":39,"gold_loss":0},{"damage_healed":0,"gold_gain":0,"player_choice":"Ignored","damage_taken":0,"max_hp_gain":0,"max_hp_loss":0,"event_name":"Mysterious Sphere","floor":48,"gold_loss":0}],"is_beta":false,"boss_relics":[{"not_picked":["Pandora\u0027s Box","Black Star"],"picked":"Astrolabe"},{"not_picked":["Runic Pyramid","Busted Crown"],"picked":"SlaversCollar"}],"items_purged_floors":[4,38],"is_endless":false,"potions_floor_spawned":[1,10,16,18,20,31,33,35,44,46],"ascension_level":1}