{"gold_per_floor":[109,124,124,124,141,141,156,156,179,179,179,199,224,240,240,240],"floor_reached":16,"playtime":1183,"items_purged":[],"score":102,"play_id":"8428f0d3-e52b-487e-bd68-2b52a7bcc618","local_time":"20230804174224","is_ascension_mode":false,"campfire_choices":[{"data":"Zap","floor":6,"key":"SMITH"},{"data":"Genetic Algorithm","floor":10,"key":"SMITH"},{"floor":15,"key":"REST"}],"neow_cost":"NONE","seed_source_timestamp":1655311238781800,"circlet_count":0,"master_deck":["Strike_B","Strike_B","Strike_B","Defend_B","Defend_B","Defend_B","Defend_B","Zap+1","Dualcast","Scrape","Coolheaded","Leap","Genetic Algorithm+1","Genetic Algorithm","Machine Learning","Chaos"],"relics":["Cracked Core","Regal Pillow","Toy Ornithopter","Juzu Bracelet"],"potions_floor_usage":[16],"damage_taken":[{"damage":0,"enemies":"2 Louse","floor":1,"turns":2},{"damage":1,"enemies":"Cultist","floor":2,"turns":3},{"damage":6,"enemies":"Jaw Worm","floor":5,"turns":4},{"damage":1,"enemies":"Red Slaver","floor":7,"turns":3},{"damage":5,"enemies":"Large Slime","floor":12,"turns":7},{"damage":29,"enemies":"3 Sentries","floor":13,"turns":10},{"damage":5,"enemies":"Blue Slaver","floor":14,"turns":4},{"damage":75,"enemies":"Hexaghost","floor":16,"turns":16}],"seed_played":"4173624829860948440","potions_obtained":[{"floor":1,"key":"Energy Potion"},{"floor":5,"key":"Dexterity Potion"},{"floor":11,"key":"BlessingOfTheForge"}],"is_trial":false,"path_per_floor":["M","M","?","?","M","R","M","?","T","R","?","M","E","M","R","B"],"character_chosen":"DEFECT","items_purchased":[],"campfire_rested":1,"item_purchase_floors":[],"current_hp_per_floor":[82,81,81,81,75,75,74,67,67,67,67,62,33,28,67,0],"gold":240,"neow_bonus":"TEN_PERCENT_HP_BONUS","is_prod":false,"is_daily":false,"chose_seed":false,"campfire_upgraded":2,"win_rate":0.0,"timestamp":1691196144,"path_taken":["M","M","?","?","M","R","?","?","T","R","?","M","E","M","R","BOSS"],"build_version":"2022-12-18","purchased_purges":0,"victory":false,"max_hp_per_floor":[82,82,82,82,82,82,82,82,82,82,82,82,82,82,82,82],"card_choices":[{"not_picked":["Consume","Stack"],"picked":"Scrape","floor":1},{"not_picked":["Glacier","Force Field"],"picked":"Coolheaded","floor":2},{"not_picked":["Sweeping Beam","Stack"],"picked":"Leap","floor":5},{"not_picked":["Stack","Redo"],"picked":"Genetic Algorithm","floor":7},{"not_picked":["Rip and Tear","Darkness"],"picked":"Genetic Algorithm","floor":12},{"not_picked":["Redo","Ball Lightning"],"picked":"Machine Learning","floor":13},{"not_picked":["Compile Driver","Consume"],"picked":"Chaos","floor":14}],"player_experience":61692,"relics_obtained":[{"floor":9,"key":"Toy Ornithopter"},{"floor":13,"key":"Juzu Bracelet"}],"event_choices":[{"damage_healed":0,"gold_gain":0,"player_choice":"Ignored","damage_taken":0,"max_hp_gain":0,"max_hp_loss":0,"event_name":"Liars Game","floor":3,"gold_loss":0},{"cards_removed":["Strike_B"],"damage_healed":0,"gold_gain":0,"player_choice":"Purged","damage_taken":0,"max_hp_gain":0,"max_hp_loss":0,"event_name":"Purifier","floor":4,"gold_loss":0},{"damage_healed":0,"gold_gain":0,"player_choice":"Success","damage_taken":7,"relics_obtained":["Regal Pillow"],"max_hp_gain":0,"max_hp_loss":0,"event_name":"Scrap Ooze","floor":8,"gold_loss":0},{"damage_healed":0,"gold_gain":0,"player_choice":"Got Potions","damage_taken":0,"max_hp_gain":0,"max_hp_loss":0,"event_name":"Lab","floor":11,"gold_loss":0}],"is_beta":false,"boss_relics":[],"items_purged_floors":[],"is_endless":false,"potions_floor_spawned":[1,5],"killed_by":"Hexaghost","ascension_level":0}