{"gold_per_floor":[118,129,129,129,129,465,465,499,553,574,574,595,595,618,618,743,743,763,392,415,415],"floor_reached":21,"playtime":1643,"items_purged":["Strike_B"],"score":189,"play_id":"735347e3-c43d-4cda-b2f0-4fae24887c54","local_time":"20230805195854","is_ascension_mode":false,"campfire_choices":[{"floor":7,"key":"REST"},{"data":"Zap","floor":11,"key":"SMITH"},{"floor":13,"key":"REST"},{"data":"Leap","floor":15,"key":"SMITH"}],"neow_cost":"NONE","seed_source_timestamp":1749454468028100,"circlet_count":0,"master_deck":["Strike_B","Strike_B","Strike_B","Defend_B","Defend_B","Defend_B","Defend_B","Zap+1","Dualcast","White Noise+1","Auto Shields","Double Energy","Leap+1","Turbo","Cold Snap","Creative AI","Coolheaded","Fusion"],"relics":["Cracked Core","Oddly Smooth Stone","Golden Idol","Old Coin","Question Card","Lantern","Inserter","Dream Catcher","ClockworkSouvenir"],"potions_floor_usage":[12,20],"damage_taken":[{"damage":5,"enemies":"Jaw Worm","floor":1,"turns":3},{"damage":0,"enemies":"Small Slimes","floor":2,"turns":3},{"damage":41,"enemies":"Lagavulin","floor":6,"turns":9},{"damage":18,"enemies":"3 Sentries","floor":8,"turns":8},{"damage":0,"enemies":"Cultist","floor":10,"turns":3},{"damage":7,"enemies":"2 Fungi Beasts","floor":12,"turns":3},{"damage":0,"enemies":"Blue Slaver","floor":14,"turns":4},{"damage":13,"enemies":"The Guardian","floor":16,"turns":19},{"damage":6,"enemies":"Shell Parasite","floor":18,"turns":13},{"damage":18,"enemies":"2 Thieves","floor":20,"turns":5},{"damage":60,"enemies":"3 Cultists","floor":21,"turns":5}],"seed_played":"-5861909016918300142","potions_obtained":[{"floor":6,"key":"DuplicationPotion"},{"floor":10,"key":"Regen Potion"},{"floor":16,"key":"AttackPotion"},{"floor":18,"key":"DuplicationPotion"}],"is_trial":false,"path_per_floor":["M","M","?","T","?","E","R","E","T","M","R","M","R","M","R","B",null,"M","$","M","M"],"character_chosen":"DEFECT","items_purchased":["Dream Catcher","ClockworkSouvenir"],"campfire_rested":2,"item_purchase_floors":[19,19],"current_hp_per_floor":[70,70,70,70,52,11,33,15,15,15,15,17,39,39,39,26,75,69,69,51,0],"gold":415,"neow_bonus":"RANDOM_COMMON_RELIC","is_prod":false,"is_daily":false,"chose_seed":false,"campfire_upgraded":2,"win_rate":0,"timestamp":1691290734,"path_taken":["M","M","?","?","?","E","R","E","T","?","R","M","R","M","R","BOSS","M","$","M","M"],"build_version":"2022-12-18","purchased_purges":1,"victory":false,"max_hp_per_floor":[75,75,75,75,75,75,75,75,75,75,75,75,75,75,75,75,75,75,75,75,75],"card_choices":[{"not_picked":["Hologram","Blizzard"],"picked":"White Noise","floor":1},{"not_picked":["Storm","Barrage"],"picked":"Auto Shields","floor":2},{"not_picked":["Redo","Cold Snap"],"picked":"Double Energy","floor":6},{"not_picked":["Hologram","Gash"],"picked":"Leap","floor":8},{"not_picked":["Compile Driver","Thunder Strike","Melter"],"picked":"Turbo","floor":10},{"not_picked":["Sweeping Beam","Gash","Beam Cell","Undo"],"picked":"SKIP","floor":12},{"not_picked":["Compile Driver","Barrage","Auto Shields"],"picked":"Cold Snap","floor":14},{"not_picked":["All For One","Buffer","Hyperbeam"],"picked":"Creative AI","floor":16},{"not_picked":["Steam","Lockon","Sunder"],"picked":"Coolheaded","floor":18},{"not_picked":["Blizzard","Cold Snap","Hello World"],"picked":"Fusion","floor":20}],"player_experience":90838,"relics_obtained":[{"floor":6,"key":"Old Coin"},{"floor":8,"key":"Question Card"},{"floor":9,"key":"Lantern"}],"event_choices":[{"damage_healed":0,"gold_gain":0,"player_choice":"Grow","damage_taken":0,"max_hp_gain":0,"max_hp_loss":0,"event_name":"Living Wall","floor":3,"gold_loss":0,"cards_upgraded":["White Noise"]},{"damage_healed":0,"gold_gain":0,"player_choice":"Take Damage","damage_taken":18,"relics_obtained":["Golden Idol"],"max_hp_gain":0,"max_hp_loss":0,"event_name":"Golden Idol","floor":5,"gold_loss":0}],"is_beta":false,"boss_relics":[{"not_picked":["Calling Bell","SlaversCollar"],"picked":"Inserter"}],"items_purged_floors":[19],"is_endless":false,"potions_floor_spawned":[6,10,16,18],"killed_by":"3 Cultists","ascension_level":0}