{"gold_per_floor":[11,30,30,48,59,86,86,121,121,121,138,150,160,260,260,362,362,378,234,264,264,276,276,290,290,290,303,318,350,361,380,380,480,480,494,544,554,269,269,269,122,137,137,137,359,372,372,385,385,385],"floor_reached":50,"playtime":3865,"items_purged":["Scrape+1","Coolheaded"],"score":553,"play_id":"734bdeb6-94f4-4764-95b2-4fa99afacdf1","local_time":"20230813194112","is_ascension_mode":true,"campfire_choices":[{"data":"Zap","floor":7.0,"key":"SMITH"},{"data":"Steam","floor":10.0,"key":"SMITH"},{"data":"White Noise","floor":15.0,"key":"SMITH"},{"data":"Dualcast","floor":23.0,"key":"SMITH"},{"data":"Steam","floor":25.0,"key":"SMITH"},{"data":"Loop","floor":32,"key":"SMITH"},{"data":"White Noise","floor":40,"key":"SMITH"},{"data":"Capacitor","floor":44,"key":"SMITH"},{"data":"Electrodynamics","floor":49,"key":"SMITH"}],"neow_cost":"NO_GOLD","seed_source_timestamp":0,"circlet_count":0,"master_deck":["Defend_B+1","Defend_B+1","Zap+1","Dualcast+1","Loop+1","Steam+1","Steam+1","Ball Lightning","White Noise+1","Seek","Undo+1","Sweeping Beam+1","Cold Snap+1","Glacier","Steam+1","FTL+1","Steam+1","Redo+1","Electrodynamics+1","Go for the Eyes","Leap+1","Redo+1","White Noise+1","Blind","Ball Lightning","Capacitor+1","Chill","Seek"],"special_seed":0,"relics":["Cracked Core","Boot","Meat on the Bone","Eternal Feather","Astrolabe","Red Mask","Cables","White Beast Statue","Nuclear Battery","TungstenRod","War Paint","Shuriken","Kunai"],"potions_floor_usage":[33,33,50,50,50],"damage_taken":[{"damage":0.0,"enemies":"Cultist","floor":1.0,"turns":3.0},{"damage":3.0,"enemies":"Jaw Worm","floor":2.0,"turns":4.0},{"damage":2.0,"enemies":"2 Louse","floor":4.0,"turns":3.0},{"damage":0.0,"enemies":"Red Slaver","floor":5.0,"turns":4.0},{"damage":12.0,"enemies":"3 Sentries","floor":6.0,"turns":6.0},{"damage":54.0,"enemies":"Gremlin Nob","floor":8.0,"turns":5.0},{"damage":4.0,"enemies":"Looter","floor":11.0,"turns":2.0},{"damage":0.0,"enemies":"Blue Slaver","floor":12.0,"turns":3.0},{"damage":0.0,"enemies":"Large Slime","floor":13.0,"turns":6.0},{"damage":32.0,"enemies":"Hexaghost","floor":16.0,"turns":10.0},{"damage":4.0,"enemies":"Chosen","floor":18.0,"turns":5.0},{"damage":10.0,"enemies":"Masked Bandits","floor":20.0,"turns":5.0},{"damage":0.0,"enemies":"3 Byrds","floor":22.0,"turns":4.0},{"damage":4.0,"enemies":"Snecko","floor":24.0,"turns":7.0},{"damage":0,"enemies":"Sentry and Sphere","floor":27,"turns":4},{"damage":1,"enemies":"Chosen and Byrds","floor":28,"turns":6},{"damage":0,"enemies":"Book of Stabbing","floor":29,"turns":5},{"damage":2,"enemies":"Snecko","floor":30,"turns":6},{"damage":0,"enemies":"Cultist and Chosen","floor":31,"turns":3},{"damage":31,"enemies":"Automaton","floor":33,"turns":16},{"damage":0,"enemies":"Orb Walker","floor":35,"turns":4},{"damage":19,"enemies":"Mind Bloom Boss Battle","floor":36,"turns":9},{"damage":14,"enemies":"3 Darklings","floor":37,"turns":3},{"damage":29,"enemies":"Maw","floor":42,"turns":9},{"damage":0,"enemies":"4 Shapes","floor":46,"turns":2},{"damage":8,"enemies":"Writhing Mass","floor":48,"turns":7},{"damage":63,"enemies":"Time Eater","floor":50,"turns":13}],"seed_played":"-6930825372318871174","potions_obtained":[{"floor":4.0,"key":"SkillPotion"},{"floor":5.0,"key":"Fire Potion"},{"floor":12.0,"key":"Swift Potion"},{"floor":16.0,"key":"Swift Potion"},{"floor":27,"key":"GamblersBrew"},{"floor":28,"key":"Energy Potion"},{"floor":29,"key":"FearPotion"},{"floor":30,"key":"DistilledChaos"},{"floor":33,"key":"Strength Potion"},{"floor":35,"key":"SneckoOil"},{"floor":36,"key":"PotionOfCapacity"},{"floor":37,"key":"EssenceOfSteel"},{"floor":48,"key":"Dexterity Potion"}],"is_trial":false,"path_per_floor":["M","M","?","M","M","E","R","E","T","R","M","M","M","?","R","B",null,"M","$","?","?","M","R","M","R","T","M","M","E","M","M","R","B",null,"M","?","M","$","?","R","$","M","T","R","?","M","T","M","R","B"],"character_chosen":"DEFECT","items_purchased":["Glacier","White Noise","War Paint","Blind","Ball Lightning"],"campfire_rested":0,"item_purchase_floors":[19,38,38,38,41],"current_hp_per_floor":[75,72,72,70,70,58,58,4,4,10,18,30,42,42,48,28,75,71,71,61,75,75,75,71,75,75,75,74,74,72,72,75,44,75,75,56,42,42,42,57,57,40,40,55,55,55,55,47,62,0],"gold":385,"neow_bonus":"REMOVE_TWO","is_prod":false,"is_daily":false,"chose_seed":false,"campfire_upgraded":9,"win_rate":0,"timestamp":1691980872,"path_taken":["M","M","?","M","M","E","R","E","T","R","M","M","M","?","R","BOSS","M","$","?","?","M","R","M","R","T","M","M","E","M","?","R","BOSS","M","?","M","$","?","R","$","M","T","R","?","M","?","M","R","BOSS"],"build_version":"2022-12-18","purchased_purges":2,"victory":false,"max_hp_per_floor":[75,75,75,75,75,75,75,75,75,75,75,75,75,75,75,75,75,75,75,75,75,75,75,75,75,75,75,75,75,75,75,75,75,75,75,75,75,75,75,75,75,75,75,75,75,75,75,75,75,75],"card_choices":[{"not_picked":["Leap","Stack"],"picked":"Loop","floor":1.0},{"not_picked":["Conserve Battery","Storm"],"picked":"Steam","floor":2.0},{"not_picked":["Rebound","Redo"],"picked":"Steam","floor":4.0},{"not_picked":["Hologram","Barrage"],"picked":"Ball Lightning","floor":5.0},{"not_picked":["Barrage","Melter","Rebound"],"picked":"SKIP","floor":6.0},{"not_picked":["Recycle","Barrage"],"picked":"Coolheaded","floor":8.0},{"not_picked":["Aggregate","Creative AI","Barrage"],"picked":"SKIP","floor":11.0},{"not_picked":["Stack","Recycle"],"picked":"White Noise","floor":12.0},{"not_picked":["Gash","Compile Driver","Force Field"],"picked":"SKIP","floor":13.0},{"not_picked":["All For One","Thunder Strike"],"picked":"Seek","floor":16.0},{"not_picked":["Storm","Ball Lightning"],"picked":"Cold Snap+1","floor":18.0},{"not_picked":["Undo","Rebound"],"picked":"Steam+1","floor":20.0},{"not_picked":["Double Energy","Hologram+1","Beam Cell+1"],"picked":"SKIP","floor":22.0},{"not_picked":["Hologram+1","Leap"],"picked":"FTL+1","floor":24.0},{"not_picked":["Hologram","Auto Shields"],"picked":"Steam+1","floor":27},{"not_picked":["Compile Driver","Coolheaded","Rainbow"],"picked":"SKIP","floor":28},{"not_picked":["Streamline","Reinforced Body","Meteor Strike"],"picked":"SKIP","floor":29},{"not_picked":["Scrape","Skim+1","Auto Shields"],"picked":"SKIP","floor":30},{"not_picked":["Conserve Battery","Steam Power"],"picked":"Redo+1","floor":31},{"not_picked":["All For One","Machine Learning"],"picked":"Electrodynamics","floor":33},{"not_picked":["Cold Snap","Gash+1"],"picked":"Go for the Eyes","floor":35},{"not_picked":["Rip and Tear","Gash"],"picked":"Leap+1","floor":36},{"not_picked":["Hologram","Recycle+1"],"picked":"Redo+1","floor":37},{"not_picked":["Streamline+1","Stack"],"picked":"Capacitor","floor":42},{"not_picked":["Hologram+1","Rebound"],"picked":"Chill","floor":46},{"not_picked":["Sweeping Beam+1","Beam Cell+1"],"picked":"Seek","floor":48}],"player_experience":229737,"relics_obtained":[{"floor":6.0,"key":"Boot"},{"floor":8.0,"key":"Meat on the Bone"},{"floor":9.0,"key":"Eternal Feather"},{"floor":20.0,"key":"Red Mask"},{"floor":26,"key":"Cables"},{"floor":29,"key":"White Beast Statue"},{"floor":36,"key":"TungstenRod"},{"floor":43,"key":"Shuriken"},{"floor":47,"key":"Kunai"}],"event_choices":[{"cards_removed":["Strike_B"],"damage_healed":0.0,"max_hp_gain":0.0,"max_hp_loss":0.0,"gold_gain":0.0,"event_name":"Living Wall","player_choice":"Forget","floor":3.0,"gold_loss":0.0,"damage_taken":0.0},{"damage_healed":0.0,"max_hp_gain":0.0,"max_hp_loss":0.0,"gold_gain":100.0,"event_name":"Golden Shrine","player_choice":"Pray","floor":14.0,"gold_loss":0.0,"damage_taken":0.0},{"damage_healed":0.0,"max_hp_gain":0.0,"max_hp_loss":0.0,"gold_gain":0.0,"event_name":"Masked Bandits","player_choice":"Fought Bandits","floor":20.0,"gold_loss":0.0,"damage_taken":0.0},{"damage_healed":14.0,"max_hp_gain":0.0,"max_hp_loss":0.0,"gold_gain":0.0,"event_name":"Wheel of Change","player_choice":"Full Heal","floor":21.0,"gold_loss":0.0,"damage_taken":0.0},{"damage_healed":0,"gold_gain":0,"player_choice":"Fight","damage_taken":0,"max_hp_gain":0,"max_hp_loss":0,"event_name":"MindBloom","floor":36,"gold_loss":0},{"damage_healed":0,"gold_gain":0,"player_choice":"Ignored","damage_taken":0,"max_hp_gain":0,"max_hp_loss":0,"event_name":"Mysterious Sphere","floor":39,"gold_loss":0},{"damage_healed":0,"gold_gain":222,"player_choice":"Wore Mask","damage_taken":0,"max_hp_gain":0,"max_hp_loss":0,"event_name":"Tomb of Lord Red Mask","floor":45,"gold_loss":0}],"is_beta":false,"boss_relics":[{"not_picked":["FrozenCore","Snecko Eye"],"picked":"Astrolabe"},{"not_picked":["Coffee Dripper","Busted Crown"],"picked":"Nuclear Battery"}],"items_purged_floors":[19,41],"is_endless":false,"potions_floor_spawned":[4,5,12,16,27,28,29,30,31,33,35,36,37,42,46,48],"killed_by":"Time Eater","ascension_level":1}