{"gold_per_floor":[119,132,149,160,160,160,194,194,245,280,298,298,322,385,385,485,485,503,503,513,39,39,39,51,61,61,61,61,10,10,23,23,123,123,136,61,76,89,0,26,26,26],"floor_reached":42,"playtime":2885,"items_purged":["Defend_B"],"score":436,"play_id":"f7774008-4bb8-4b80-ad17-d8921917aa3a","local_time":"20230806013404","is_ascension_mode":false,"campfire_choices":[{"data":"Darkness","floor":6,"key":"SMITH"},{"data":"Redo","floor":8,"key":"SMITH"},{"data":"Zap","floor":12,"key":"SMITH"},{"floor":15,"key":"REST"},{"data":"Fusion","floor":23,"key":"SMITH"},{"data":"Hologram","floor":27,"key":"SMITH"},{"data":"Thinking Ahead","floor":30,"key":"SMITH"},{"data":"Chaos","floor":32,"key":"SMITH"}],"neow_cost":"NONE","seed_source_timestamp":1768320562729000,"circlet_count":0,"master_deck":["Strike_B+1","Strike_B+1","Defend_B","Defend_B","Defend_B","Zap+1","Dualcast","Stack","BootSequence","Double Energy","Darkness+1","Redo+1","Coolheaded","Conserve Battery","Genetic Algorithm","Fusion+1","Machine Learning+1","Steam+1","Thinking Ahead+1","Go for the Eyes+1","Hologram+1","Darkness+1","Chaos+1","Electrodynamics","Sweeping Beam","Lockon","Hologram"],"relics":["Cracked Core","Eternal Feather","Anchor","Whetstone","Odd Mushroom","InkBottle","Inserter","Potion Belt","Tiny Chest","Incense Burner","Philosopher\u0027s Stone","Red Mask","PreservedInsect","Gambling Chip"],"potions_floor_usage":[10,10,40],"damage_taken":[{"damage":0,"enemies":"2 Louse","floor":1,"turns":2},{"damage":0,"enemies":"Small Slimes","floor":2,"turns":2},{"damage":0,"enemies":"Cultist","floor":3,"turns":3},{"damage":4,"enemies":"Blue Slaver","floor":4,"turns":4},{"damage":11,"enemies":"Lagavulin","floor":7,"turns":6},{"damage":33,"enemies":"Gremlin Nob","floor":10,"turns":5},{"damage":0,"enemies":"Exordium Thugs","floor":11,"turns":6},{"damage":10,"enemies":"The Mushroom Lair","floor":13,"turns":4},{"damage":22,"enemies":"Gremlin Nob","floor":14,"turns":4},{"damage":32,"enemies":"Slime Boss","floor":16,"turns":9},{"damage":10,"enemies":"2 Thieves","floor":18,"turns":4},{"damage":18,"enemies":"Chosen","floor":20,"turns":8},{"damage":2,"enemies":"Shelled Parasite and Fungi","floor":24,"turns":5},{"damage":8,"enemies":"Snecko","floor":25,"turns":6},{"damage":10,"enemies":"Snake Plant","floor":31,"turns":5},{"damage":1,"enemies":"Champ","floor":33,"turns":12},{"damage":0,"enemies":"3 Darklings","floor":35,"turns":4},{"damage":5,"enemies":"Orb Walker","floor":37,"turns":4},{"damage":2,"enemies":"Spire Growth","floor":38,"turns":5},{"damage":26,"enemies":"Nemesis","floor":40,"turns":7},{"damage":42,"enemies":"Reptomancer","floor":42,"turns":2}],"seed_played":"-1121934116143626828","potions_obtained":[{"floor":2,"key":"EssenceOfSteel"},{"floor":7,"key":"Weak Potion"},{"floor":10,"key":"FocusPotion"},{"floor":18,"key":"PowerPotion"},{"floor":24,"key":"AttackPotion"},{"floor":37,"key":"FearPotion"}],"is_trial":false,"path_per_floor":["M","M","M","M","?","R","E","R","T","E","M","R","?","?","R","B",null,"M","?","M","$","T","R","M","M","T","R","?","$","R","M","R","B",null,"M","$","M","M","?","E","T","E"],"character_chosen":"DEFECT","items_purchased":["Thinking Ahead","Potion Belt","Tiny Chest","Dexterity Potion"],"campfire_rested":1,"item_purchase_floors":[21,21,21,29],"current_hp_per_floor":[75,75,75,71,71,71,60,66,66,33,33,42,32,10,41,9,75,65,65,47,47,47,59,57,49,49,61,61,61,73,63,75,74,75,75,75,70,68,68,42,42,0],"gold":26,"neow_bonus":"REMOVE_CARD","is_prod":false,"is_daily":false,"chose_seed":false,"campfire_upgraded":7,"win_rate":0,"timestamp":1691310844,"path_taken":["M","M","M","M","?","R","E","R","T","E","M","R","?","?","R","BOSS","M","?","M","$","?","R","M","M","T","R","?","$","R","M","R","BOSS","M","$","M","M","?","E","?","E"],"build_version":"2022-12-18","purchased_purges":1,"victory":false,"max_hp_per_floor":[75,75,75,75,75,75,75,75,75,75,75,75,75,75,75,75,75,75,75,75,75,75,75,75,75,75,75,75,75,75,75,75,75,75,75,75,75,75,75,75,75,75],"card_choices":[{"not_picked":["Beam Cell","Steam"],"picked":"Stack","floor":1},{"not_picked":["Redo","Streamline"],"picked":"BootSequence","floor":2},{"not_picked":["Steam","Turbo"],"picked":"Double Energy","floor":3},{"not_picked":["Steam","Ball Lightning"],"picked":"Darkness","floor":4},{"not_picked":["Blizzard","Hello World"],"picked":"Redo","floor":7},{"not_picked":["Rebound","Go for the Eyes"],"picked":"Coolheaded","floor":10},{"not_picked":["Machine Learning","Streamline"],"picked":"Conserve Battery","floor":11},{"not_picked":["Rebound","Cold Snap"],"picked":"Genetic Algorithm","floor":13},{"not_picked":["Gash","Heatsinks"],"picked":"Fusion","floor":14},{"not_picked":["All For One","Rainbow"],"picked":"Machine Learning","floor":16},{"not_picked":["Compile Driver","Gash","Double Energy"],"picked":"SKIP","floor":18},{"not_picked":["Coolheaded","Capacitor"],"picked":"Steam+1","floor":20},{"not_picked":["Rebound","Core Surge"],"picked":"Go for the Eyes+1","floor":24},{"not_picked":["Rebound","Turbo"],"picked":"Hologram","floor":25},{"not_picked":["Melter","Glacier"],"picked":"Chaos","floor":31},{"not_picked":["Thunder Strike","Echo Form"],"picked":"Electrodynamics","floor":33},{"not_picked":["Barrage","Storm+1"],"picked":"Sweeping Beam","floor":35},{"not_picked":["Heatsinks","Leap"],"picked":"Lockon","floor":37},{"not_picked":["Sunder","Chaos+1"],"picked":"Hologram","floor":38},{"not_picked":["Barrage","Steam+1","Sunder"],"picked":"SKIP","floor":40}],"player_experience":106785,"relics_obtained":[{"floor":7,"key":"Eternal Feather"},{"floor":9,"key":"Anchor"},{"floor":10,"key":"Whetstone"},{"floor":13,"key":"Odd Mushroom"},{"floor":14,"key":"InkBottle"},{"floor":22,"key":"Incense Burner"},{"floor":40,"key":"PreservedInsect"},{"floor":41,"key":"Gambling Chip"}],"event_choices":[{"cards_removed":["Strike_B"],"damage_healed":0,"gold_gain":0,"player_choice":"Forget","damage_taken":0,"max_hp_gain":0,"max_hp_loss":0,"event_name":"Living Wall","floor":5,"gold_loss":0},{"damage_healed":0,"gold_gain":0,"player_choice":"Fought Mushrooms","damage_taken":0,"max_hp_gain":0,"max_hp_loss":0,"event_name":"Mushrooms","floor":13,"gold_loss":0},{"damage_healed":0,"gold_gain":0,"player_choice":"Searched \u00272\u0027 times","damage_taken":0,"max_hp_gain":0,"max_hp_loss":0,"event_name":"Dead Adventurer","floor":14,"gold_loss":0},{"damage_healed":0,"gold_gain":0,"player_choice":"Forge","damage_taken":0,"max_hp_gain":0,"max_hp_loss":0,"event_name":"Accursed Blacksmith","floor":19,"gold_loss":0,"cards_upgraded":["Machine Learning"]},{"damage_healed":0,"gold_gain":0,"player_choice":"Copied","damage_taken":0,"max_hp_gain":0,"max_hp_loss":0,"event_name":"Duplicator","floor":28,"gold_loss":0,"cards_obtained":["Darkness"]},{"damage_healed":0,"gold_gain":0,"player_choice":"Paid","damage_taken":0,"relics_obtained":["Red Mask"],"max_hp_gain":0,"max_hp_loss":0,"event_name":"Tomb of Lord Red Mask","floor":39,"gold_loss":89}],"is_beta":false,"boss_relics":[{"not_picked":["Snecko Eye","Fusion Hammer"],"picked":"Inserter"},{"not_picked":["Cursed Key","Sozu"],"picked":"Philosopher\u0027s Stone"}],"items_purged_floors":[36],"is_endless":false,"potions_floor_spawned":[2,7,10,18,24,37,38],"killed_by":"Reptomancer","ascension_level":0}