{"gold_per_floor":[119,135,60,79,79,79,105,122,148,98,98,98,116,171,171,271,271,288,288,41,56,75,75,85,85,134,144,159,159,159,171,171,268,268,282,294,304,12,28,28,28,28,28,44,44,62,62,79,79,79,79,79,29,29],"floor_reached":54,"playtime":4236,"items_purged":["Strike_B","Strike_B","Ball Lightning","Strike_B+1"],"score":618,"play_id":"f3b80280-5992-4ac5-a0dc-157e4fbc11b5","local_time":"20230805210944","is_ascension_mode":false,"campfire_choices":[{"data":"Defragment","floor":6,"key":"SMITH"},{"data":"Fusion","floor":11,"key":"SMITH"},{"floor":15,"key":"REST"},{"data":"White Noise","floor":23,"key":"SMITH"},{"floor":29,"key":"REST"},{"data":"Defragment","floor":32,"key":"SMITH"},{"floor":40,"key":"REST"},{"floor":45,"key":"RECALL"},{"data":"Seek","floor":47,"key":"SMITH"},{"floor":49,"key":"REST"},{"data":"Seek","floor":52,"key":"SMITH"}],"neow_cost":"NONE","seed_source_timestamp":1751110833915900,"circlet_count":0,"master_deck":["Defend_B+1","Defend_B+1","Defend_B+1","Zap+1","Dualcast","Defragment+1","Doom and Gloom","Fusion+1","Glacier","Redo","Loop","Seek+1","Capacitor+1","White Noise+1","Defragment+1","Leap","Leap+1","Seek+1","Turbo","Electrodynamics","CurseOfTheBell","Recycle+1","Self Repair+1","Cold Snap","Double Energy+1","Chaos+1","Hologram+1"],"relics":["Cracked Core","Potion Belt","Smiling Mask","Ornamental Fan","Bronze Scales","Runic Pyramid","Toolbox","Calling Bell","Tiny Chest","White Beast Statue","Du-Vu Doll","Calipers","HornCleat"],"potions_floor_usage":[50],"damage_taken":[{"damage":0,"enemies":"2 Louse","floor":1,"turns":1},{"damage":6,"enemies":"Cultist","floor":2,"turns":3},{"damage":1,"enemies":"Jaw Worm","floor":4,"turns":3},{"damage":30,"enemies":"Lagavulin","floor":7,"turns":6},{"damage":6,"enemies":"Large Slime","floor":8,"turns":6},{"damage":11,"enemies":"3 Louse","floor":13,"turns":3},{"damage":6,"enemies":"Gremlin Nob","floor":14,"turns":4},{"damage":15,"enemies":"Hexaghost","floor":16,"turns":7},{"damage":18,"enemies":"2 Thieves","floor":18,"turns":3},{"damage":0,"enemies":"Chosen","floor":21,"turns":6},{"damage":20,"enemies":"Centurion and Healer","floor":22,"turns":5},{"damage":8,"enemies":"Shelled Parasite and Fungi","floor":24,"turns":6},{"damage":7,"enemies":"Snecko","floor":27,"turns":5},{"damage":0,"enemies":"Snake Plant","floor":28,"turns":3},{"damage":7,"enemies":"Centurion and Healer","floor":31,"turns":5},{"damage":9,"enemies":"Automaton","floor":33,"turns":11},{"damage":8,"enemies":"3 Darklings","floor":35,"turns":5},{"damage":19,"enemies":"Orb Walker","floor":36,"turns":6},{"damage":24,"enemies":"Sphere and 2 Shapes","floor":37,"turns":4},{"damage":16,"enemies":"Transient","floor":39,"turns":5},{"damage":0,"enemies":"Maw","floor":44,"turns":8},{"damage":15,"enemies":"Writhing Mass","floor":46,"turns":7},{"damage":20,"enemies":"Jaw Worm Horde","floor":48,"turns":2},{"damage":5,"enemies":"Time Eater","floor":50,"turns":11},{"damage":75,"enemies":"Shield and Spear","floor":54,"turns":3}],"seed_played":"7217607541577737642","potions_obtained":[{"floor":1,"key":"PotionOfCapacity"},{"floor":4,"key":"FocusPotion"},{"floor":7,"key":"Energy Potion"},{"floor":16,"key":"Regen Potion"},{"floor":18,"key":"FearPotion"},{"floor":28,"key":"EssenceOfDarkness"},{"floor":33,"key":"Dexterity Potion"},{"floor":35,"key":"CultistPotion"},{"floor":36,"key":"FocusPotion"},{"floor":37,"key":"Energy Potion"},{"floor":44,"key":"PotionOfCapacity"},{"floor":46,"key":"FocusPotion"}],"is_trial":false,"path_per_floor":["M","M","$","M","?","R","E","M","T","$","R","T","M","?","R","B",null,"M","?","$","M","M","R","M","?","T","M","M","R","?","M","R","B",null,"M","M","M","$","M","R","?","?","T","M","R","M","R","M","R","B",null,"R","$","E"],"character_chosen":"DEFECT","items_purchased":["Capacitor","Toolbox","Calipers"],"campfire_rested":4,"item_purchase_floors":[20,20,38],"current_hp_per_floor":[75,69,69,68,68,68,38,32,32,32,32,32,21,15,37,22,75,57,57,57,57,37,37,29,29,29,22,22,44,44,37,37,28,75,67,48,34,34,28,50,50,50,50,60,60,55,55,35,57,52,75,75,75,0],"gold":29,"neow_bonus":"UPGRADE_CARD","is_prod":false,"is_daily":false,"chose_seed":false,"campfire_upgraded":6,"win_rate":0,"timestamp":1691294984,"path_taken":["M","M","$","M","?","R","E","M","T","?","R","?","M","?","R","BOSS","M","?","$","M","M","R","M","?","T","M","M","R","?","M","R","BOSS","M","M","M","$","M","R","?","?","T","M","R","M","R","M","R","BOSS","R","$","E"],"build_version":"2022-12-18","purchased_purges":4,"victory":false,"max_hp_per_floor":[75,75,75,75,75,75,75,75,75,75,75,75,75,75,75,75,75,75,75,75,75,75,75,75,75,75,75,75,75,75,75,75,75,75,75,75,75,75,75,75,75,75,75,75,75,75,75,75,75,75,75,75,75,75],"card_choices":[{"not_picked":["Rebound","Stack"],"picked":"Defragment","floor":1},{"not_picked":["Sweeping Beam","Sunder"],"picked":"Doom and Gloom","floor":2},{"not_picked":["Beam Cell","Redo"],"picked":"Fusion","floor":4},{"not_picked":["Scrape","Rebound"],"picked":"Glacier","floor":7},{"not_picked":["Conserve Battery","Compile Driver"],"picked":"Redo","floor":8},{"not_picked":["Melter","Beam Cell"],"picked":"Loop","floor":13},{"not_picked":["Rebound","Gash"],"picked":"Ball Lightning","floor":14},{"not_picked":["Creative AI","Rainbow"],"picked":"Seek","floor":16},{"not_picked":["Rip and Tear+1","Barrage","Turbo"],"picked":"SKIP","floor":18},{"not_picked":["Rip and Tear","Go for the Eyes","Gash"],"picked":"SKIP","floor":21},{"not_picked":["Beam Cell","Ball Lightning+1"],"picked":"White Noise","floor":22},{"not_picked":["Chill","Aggregate"],"picked":"Defragment","floor":24},{"not_picked":["Conserve Battery","Compile Driver"],"picked":"Leap","floor":27},{"not_picked":["Rip and Tear","Stack"],"picked":"Leap+1","floor":28},{"not_picked":["Compile Driver","Reinforced Body"],"picked":"Turbo","floor":31},{"not_picked":["Core Surge","Thunder Strike"],"picked":"Electrodynamics","floor":33},{"not_picked":["Streamline","Steam"],"picked":"Recycle+1","floor":35},{"not_picked":["Streamline","Steam Power"],"picked":"Self Repair+1","floor":36},{"not_picked":["Barrage+1","Beam Cell"],"picked":"Cold Snap","floor":37},{"not_picked":["Redo","Compile Driver"],"picked":"Double Energy+1","floor":39},{"not_picked":["Stack+1","Skim"],"picked":"Chaos+1","floor":44},{"not_picked":["Tempest","Coolheaded+1"],"picked":"Hologram+1","floor":46},{"not_picked":["Sunder","Multi-Cast","Doom and Gloom"],"picked":"SKIP","floor":48}],"player_experience":92481,"relics_obtained":[{"floor":7,"key":"Potion Belt"},{"floor":9,"key":"Smiling Mask"},{"floor":12,"key":"Ornamental Fan"},{"floor":34,"key":"Tiny Chest"},{"floor":34,"key":"White Beast Statue"},{"floor":34,"key":"Du-Vu Doll"},{"floor":43,"key":"HornCleat"}],"event_choices":[{"cards_removed":["Strike_B"],"damage_healed":0,"gold_gain":0,"player_choice":"Purged","damage_taken":0,"max_hp_gain":0,"max_hp_loss":0,"event_name":"Purifier","floor":5,"gold_loss":0},{"damage_healed":0,"gold_gain":30,"player_choice":"Searched \u00273\u0027 times","damage_taken":0,"relics_obtained":["Bronze Scales"],"max_hp_gain":0,"max_hp_loss":0,"event_name":"Dead Adventurer","floor":14,"gold_loss":0},{"damage_healed":0,"gold_gain":0,"player_choice":"Simplicity","damage_taken":0,"max_hp_gain":0,"max_hp_loss":0,"event_name":"Back to Basics","floor":19,"gold_loss":0,"cards_upgraded":["Strike_B","Defend_B","Defend_B","Defend_B","Defend_B"]},{"damage_healed":0,"gold_gain":0,"player_choice":"Ignored","damage_taken":0,"max_hp_gain":0,"max_hp_loss":0,"event_name":"Cursed Tome","floor":25,"gold_loss":0},{"damage_healed":0,"gold_gain":0,"player_choice":"Read","damage_taken":0,"max_hp_gain":0,"max_hp_loss":0,"event_name":"The Library","floor":30,"gold_loss":0,"cards_obtained":["Seek"]},{"cards_removed":["Defend_B"],"damage_healed":0,"gold_gain":0,"player_choice":"Removed Skill","damage_taken":0,"max_hp_gain":0,"max_hp_loss":0,"event_name":"Falling","floor":41,"gold_loss":0},{"damage_healed":0,"gold_gain":0,"player_choice":"Upgraded","damage_taken":0,"max_hp_gain":0,"max_hp_loss":0,"event_name":"Upgrade Shrine","floor":42,"gold_loss":0,"cards_upgraded":["Capacitor"]}],"is_beta":false,"boss_relics":[{"not_picked":["FrozenCore","Empty Cage"],"picked":"Runic Pyramid"},{"not_picked":["Philosopher\u0027s Stone","Tiny House"],"picked":"Calling Bell"}],"items_purged_floors":[3,10,20,53],"is_endless":false,"potions_floor_spawned":[1,4,7,16,18,28,31,33,35,36,37,39,44,46,48],"killed_by":"Shield and Spear","ascension_level":0}