{"gold_per_floor":[109,129,142,153,153,153,180,180,180,180,69,69,83,96,96,195,195,210,224,424,20,37,37,64,74,74,88,108,108,437,437,437,539,539,557,557,557,5,20,20,20,20,92,92,92,170,186,220,220,220],"floor_reached":51,"playtime":3601,"items_purged":["Strike_B","Strike_B"],"score":745,"play_id":"d0b6c45d-584b-412d-ab62-7097c57f1416","local_time":"20230805130855","is_ascension_mode":false,"campfire_choices":[{"data":"Dualcast","floor":6,"key":"SMITH"},{"data":"Doom and Gloom","floor":8,"key":"SMITH"},{"data":"Glacier","floor":10,"key":"SMITH"},{"data":"Hologram","floor":15,"key":"SMITH"},{"data":"Consume","floor":23,"key":"SMITH"},{"data":"Loop","floor":29,"key":"SMITH"},{"floor":32,"key":"REST"},{"data":"Reboot","floor":40,"key":"SMITH"},{"data":"Go for the Eyes","floor":41,"key":"SMITH"},{"data":"Deep Breath","floor":42,"key":"SMITH"},{"data":"Thunder Strike","floor":45,"key":"SMITH"},{"floor":49,"key":"REST"}],"neow_cost":"NONE","seed_source_timestamp":1722852825057600,"circlet_count":0,"master_deck":["Strike_B","Defend_B","Defend_B","Defend_B","Defend_B","Zap","Dualcast+1","Compile Driver","Doom and Gloom+1","Chaos+1","Leap+1","Glacier+1","BootSequence","Capacitor+1","Hologram+1","Thunder Strike+1","Consume+1","Deep Breath+1","Loop+1","Go for the Eyes+1","Chaos+1","Storm+1","Necronomicurse","Reboot+1","CurseOfTheBell","Defragment+1","Steam"],"relics":["Cracked Core","Anchor","Darkstone Periapt","Nuclear Battery","ClockworkSouvenir","Happy Flower","Calipers","Old Coin","Necronomicon","Calling Bell","Dream Catcher","White Beast Statue","WingedGreaves","OrangePellets","Boot","Ancient Tea Set","Eternal Feather","Letter Opener","Regal Pillow"],"potions_floor_usage":[16,16,16,16,48,48,50,50],"damage_taken":[{"damage":7,"enemies":"Small Slimes","floor":1,"turns":3},{"damage":1,"enemies":"2 Louse","floor":2,"turns":2},{"damage":1,"enemies":"Cultist","floor":3,"turns":3},{"damage":4,"enemies":"Exordium Wildlife","floor":4,"turns":4},{"damage":8,"enemies":"Lagavulin","floor":7,"turns":5},{"damage":6,"enemies":"Exordium Thugs","floor":13,"turns":3},{"damage":0,"enemies":"Looter","floor":14,"turns":4},{"damage":0,"enemies":"The Guardian","floor":16,"turns":8},{"damage":0,"enemies":"Chosen","floor":18,"turns":5},{"damage":0,"enemies":"Shell Parasite","floor":19,"turns":5},{"damage":9,"enemies":"Centurion and Healer","floor":22,"turns":8},{"damage":18,"enemies":"3 Cultists","floor":25,"turns":5},{"damage":0,"enemies":"Cultist and Chosen","floor":27,"turns":6},{"damage":0,"enemies":"Snake Plant","floor":28,"turns":3},{"damage":16,"enemies":"Gremlin Leader","floor":30,"turns":8},{"damage":20,"enemies":"Champ","floor":33,"turns":10},{"damage":3,"enemies":"Orb Walker","floor":35,"turns":4},{"damage":17,"enemies":"3 Shapes","floor":39,"turns":3},{"damage":16,"enemies":"Writhing Mass","floor":47,"turns":5},{"damage":67,"enemies":"Reptomancer","floor":48,"turns":6},{"damage":22,"enemies":"Donu and Deca","floor":50,"turns":10}],"seed_played":"-227471012075835824","potions_obtained":[{"floor":3,"key":"SkillPotion"},{"floor":4,"key":"EntropicBrew"},{"floor":7,"key":"FocusPotion"},{"floor":14,"key":"Strength Potion"},{"floor":18,"key":"LiquidMemories"},{"floor":27,"key":"EntropicBrew"},{"floor":28,"key":"FairyPotion"}],"is_trial":false,"path_per_floor":["M","M","M","M","?","R","E","R","T","R","$","?","M","M","R","B",null,"M","M","?","$","M","R","T","M","T","M","M","R","E","?","R","B",null,"M","?","?","$","M","R","R","R","T","$","R","T","M","E","R","B",null],"character_chosen":"DEFECT","items_purchased":["Capacitor","Consume","Deep Breath","Loop","ClockworkSouvenir","Go for the Eyes","OrangePellets","Boot","Ancient Tea Set"],"campfire_rested":2,"item_purchase_floors":[11,21,21,21,21,21,38,38,38],"current_hp_per_floor":[68,67,66,62,47,47,39,39,39,39,39,39,33,33,33,33,75,75,75,75,75,66,66,66,48,48,48,48,48,32,22,46,26,87,84,83,83,83,66,66,66,66,66,66,81,81,65,23,77,55],"gold":220,"neow_bonus":"TRANSFORM_CARD","is_prod":false,"is_daily":false,"chose_seed":false,"campfire_upgraded":10,"win_rate":0.0,"timestamp":1691266135,"path_taken":["M","M","M","M","?","R","E","R","T","R","$","?","M","M","R","BOSS","M","M","?","?","M","R","?","M","T","M","?","R","E","?","R","BOSS","M","?","?","$","?","R","R","R","T","$","R","?","M","E","R","BOSS"],"build_version":"2022-12-18","purchased_purges":2,"victory":true,"max_hp_per_floor":[75,75,75,75,75,75,75,75,75,75,75,75,75,75,75,75,75,75,75,75,75,75,75,75,75,75,75,75,75,75,81,81,81,87,87,83,83,83,83,83,83,83,83,83,83,83,83,83,83,83],"card_choices":[{"not_picked":["Barrage","Stack"],"picked":"Doom and Gloom","floor":1},{"not_picked":["Steam Power","Redo"],"picked":"Chaos","floor":2},{"not_picked":["Hologram","Barrage"],"picked":"Leap","floor":3},{"not_picked":["Leap","Barrage"],"picked":"Glacier","floor":4},{"not_picked":["Hologram","Rebound"],"picked":"BootSequence","floor":7},{"not_picked":["Thunder Strike","Stack","Rip and Tear"],"picked":"SKIP","floor":13},{"not_picked":["Compile Driver","Leap"],"picked":"Hologram","floor":14},{"not_picked":["Rainbow","Fission"],"picked":"Thunder Strike","floor":16},{"not_picked":["Reinforced Body+1","Sweeping Beam","Compile Driver"],"picked":"SKIP","floor":18},{"not_picked":["Rip and Tear","Redo","Sweeping Beam+1"],"picked":"SKIP","floor":19},{"not_picked":["Rip and Tear","Leap","Glacier"],"picked":"SKIP","floor":22},{"not_picked":["Leap","Scrape"],"picked":"Chaos+1","floor":25},{"not_picked":["Lockon","Amplify"],"picked":"Storm+1","floor":27},{"not_picked":["Streamline","Aggregate","Ball Lightning"],"picked":"SKIP","floor":28},{"not_picked":["Stack","Darkness","Genetic Algorithm+1"],"picked":"SKIP","floor":30},{"not_picked":["Rainbow","Biased Cognition"],"picked":"Reboot","floor":33},{"not_picked":["Hello World","Ball Lightning+1","Leap"],"picked":"SKIP","floor":35},{"not_picked":["Skim","Cold Snap"],"picked":"Defragment+1","floor":39},{"not_picked":["Ball Lightning","Sweeping Beam","Hello World"],"picked":"SKIP","floor":47},{"not_picked":["Double Energy","Gash"],"picked":"Steam","floor":48}],"player_experience":71407,"relics_obtained":[{"floor":7,"key":"Anchor"},{"floor":9,"key":"Darkstone Periapt"},{"floor":24,"key":"Happy Flower"},{"floor":26,"key":"Calipers"},{"floor":30,"key":"Old Coin"},{"floor":31,"key":"Necronomicon"},{"floor":34,"key":"Dream Catcher"},{"floor":34,"key":"White Beast Statue"},{"floor":34,"key":"WingedGreaves"},{"floor":43,"key":"Eternal Feather"},{"floor":46,"key":"Letter Opener"},{"floor":48,"key":"Regal Pillow"}],"event_choices":[{"damage_healed":0,"gold_gain":0,"player_choice":"Entered Light","damage_taken":15,"max_hp_gain":0,"max_hp_loss":0,"event_name":"Shining Light","floor":5,"gold_loss":0,"cards_upgraded":["Leap","Chaos"]},{"damage_healed":0,"gold_gain":0,"player_choice":"Grow","damage_taken":0,"max_hp_gain":0,"max_hp_loss":0,"event_name":"Living Wall","floor":12,"gold_loss":0,"cards_upgraded":["Capacitor"]},{"damage_healed":0,"gold_gain":200,"player_choice":"Gold","damage_taken":0,"max_hp_gain":0,"max_hp_loss":0,"event_name":"Wheel of Change","floor":20,"gold_loss":0},{"damage_healed":0,"gold_gain":0,"player_choice":"Obtained Book","damage_taken":16,"max_hp_gain":0,"max_hp_loss":0,"event_name":"Cursed Tome","floor":31,"gold_loss":0},{"damage_healed":0,"gold_gain":0,"player_choice":"Max HP","damage_taken":0,"max_hp_gain":0,"max_hp_loss":4,"event_name":"Winding Halls","floor":36,"gold_loss":0},{"damage_healed":0,"gold_gain":0,"player_choice":"Got Potions","damage_taken":0,"max_hp_gain":0,"max_hp_loss":0,"event_name":"Lab","floor":37,"gold_loss":0}],"is_beta":false,"boss_relics":[{"not_picked":["Velvet Choker","Black Star"],"picked":"Nuclear Battery"},{"not_picked":["Snecko Eye","Cursed Key"],"picked":"Calling Bell"}],"items_purged_floors":[11,38],"is_endless":false,"potions_floor_spawned":[3,4,7,14,18,27,28,30,35,39,47,48],"ascension_level":0}