{"gold_per_floor":[113,133,36,51,51,51,78,97,120,134,134,134,148,175,187,303,315,345,357,31,31,48,48,67,83,83,97,114,130,130,80,80,177,177,187,200,70,89,106,106,0,0,24,24,59,59,74,91,91,91],"floor_reached":51,"playtime":5067,"items_purged":["Strike_B","Hello World+1","Defend_B"],"score":668,"play_id":"2083389d-82ca-4c7b-be22-85c3b2924e22","local_time":"20230808184744","is_ascension_mode":false,"campfire_choices":[{"data":"Zap","floor":6.0,"key":"SMITH"},{"data":"Go for the Eyes","floor":11.0,"key":"SMITH"},{"data":"Barrage","floor":15.0,"key":"SMITH"},{"data":"Darkness","floor":23.0,"key":"SMITH"},{"data":"Consume","floor":30.0,"key":"SMITH"},{"data":"Seek","floor":32.0,"key":"SMITH"},{"data":"Capacitor","floor":40.0,"key":"SMITH"},{"data":"Coolheaded","floor":46.0,"key":"SMITH"},{"data":"Multi-Cast","floor":49.0,"key":"SMITH"}],"neow_cost":"NONE","seed_source_timestamp":0,"circlet_count":0,"master_deck":["Defend_B","Zap+1","Dualcast","Cold Snap","Conserve Battery","Self Repair","Coolheaded+1","Barrage+1","Ball Lightning","Go for the Eyes+1","Biased Cognition","CurseOfTheBell","Darkness+1","Seek+1","Consume+1","Glacier+1","Conserve Battery+1","Multi-Cast+1","Capacitor+1","Redo+1","Chaos+1","FTL","All For One","Hologram+1","Redo+1","Stack+1"],"special_seed":0,"relics":["Cracked Core","Toy Ornithopter","Lantern","MawBank","Calling Bell","Kunai","Smiling Mask","Lizard Tail","Matryoshka","Nilry\u0027s Codex","Vajra","Question Card","Empty Cage","Red Mask","Bottled Lightning","DataDisk","Toxic Egg 2"],"potions_floor_usage":[],"damage_taken":[{"damage":1.0,"enemies":"Cultist","floor":1.0,"turns":3.0},{"damage":2.0,"enemies":"2 Louse","floor":2.0,"turns":2.0},{"damage":0.0,"enemies":"Jaw Worm","floor":4.0,"turns":5.0},{"damage":19.0,"enemies":"Lagavulin","floor":7.0,"turns":7.0},{"damage":13.0,"enemies":"Exordium Wildlife","floor":8.0,"turns":6.0},{"damage":0.0,"enemies":"Blue Slaver","floor":10.0,"turns":3.0},{"damage":4.0,"enemies":"2 Fungi Beasts","floor":13.0,"turns":3.0},{"damage":4.0,"enemies":"3 Sentries","floor":14.0,"turns":4.0},{"damage":52.0,"enemies":"Slime Boss","floor":16.0,"turns":13.0},{"damage":8.0,"enemies":"Spheric Guardian","floor":18.0,"turns":4.0},{"damage":0.0,"enemies":"Shell Parasite","floor":22.0,"turns":5.0},{"damage":10.0,"enemies":"Snake Plant","floor":24.0,"turns":3.0},{"damage":24.0,"enemies":"Cultist and Chosen","floor":25.0,"turns":8.0},{"damage":6.0,"enemies":"Snecko","floor":27.0,"turns":7.0},{"damage":9.0,"enemies":"Shelled Parasite and Fungi","floor":28.0,"turns":10.0},{"damage":22.0,"enemies":"Snake Plant","floor":29.0,"turns":4.0},{"damage":20.0,"enemies":"Champ","floor":33.0,"turns":14.0},{"damage":3.0,"enemies":"Orb Walker","floor":35.0,"turns":6.0},{"damage":7.0,"enemies":"3 Shapes","floor":36.0,"turns":4.0},{"damage":0.0,"enemies":"Spire Growth","floor":38.0,"turns":5.0},{"damage":15.0,"enemies":"Writhing Mass","floor":39.0,"turns":4.0},{"damage":1.0,"enemies":"Giant Head","floor":45.0,"turns":8.0},{"damage":18.0,"enemies":"Maw","floor":47.0,"turns":7.0},{"damage":4.0,"enemies":"3 Darklings","floor":48.0,"turns":6.0},{"damage":76.0,"enemies":"Donu and Deca","floor":50.0,"turns":11.0}],"seed_played":"7947873322580325704","potions_obtained":[{"floor":4.0,"key":"Explosive Potion"},{"floor":13.0,"key":"PowerPotion"},{"floor":16.0,"key":"FearPotion"},{"floor":22.0,"key":"FocusPotion"},{"floor":25.0,"key":"FocusPotion"},{"floor":33.0,"key":"Weak Potion"},{"floor":39.0,"key":"EssenceOfSteel"}],"is_trial":false,"path_per_floor":["M","M","$","M","?","R","E","M","T","M","R","?","M","E","R","B",null,"M","?","$","?","M","R","M","M","T","M","M","M","R","$","R","B",null,"M","M","$","M","M","R","?","?","T","?","E","R","M","M","R","B",null],"character_chosen":"DEFECT","items_purchased":["Self Repair","Coolheaded","Darkness","Matryoshka","Capacitor"],"campfire_rested":0,"item_purchase_floors":[3,3,20,20,37],"current_hp_per_floor":[74,72,72,75,68,68,56,50,50,57,57,57,53,61,61,16,75,74,74,74,58,65,65,62,45,45,46,44,29,29,29,29,21,75,75,75,75,75,67,67,67,67,67,67,73,73,55,58,58,37],"gold":91,"neow_bonus":"REMOVE_CARD","is_prod":false,"is_daily":false,"chose_seed":false,"campfire_upgraded":9,"win_rate":0,"timestamp":1691545664,"path_taken":["M","M","$","M","?","R","E","M","T","M","R","?","M","E","R","BOSS","M","?","$","?","M","R","M","M","T","M","M","M","R","$","R","BOSS","M","M","$","M","M","R","?","?","T","?","E","R","M","M","R","BOSS"],"build_version":"2022-12-18","purchased_purges":3,"victory":true,"max_hp_per_floor":[75,75,75,75,75,75,75,75,75,75,75,75,75,75,75,75,75,75,75,75,75,75,75,75,75,75,75,75,75,75,75,75,75,75,75,75,75,75,75,75,75,75,75,75,75,75,75,75,75,75],"card_choices":[{"not_picked":["Steam Power","Compile Driver"],"picked":"Cold Snap","floor":1.0},{"not_picked":["Hologram","Tempest"],"picked":"Conserve Battery","floor":2.0},{"not_picked":["Gash","Turbo"],"picked":"Barrage","floor":4.0},{"not_picked":["Steam Power","Redo","Gash"],"picked":"SKIP","floor":7.0},{"not_picked":["Beam Cell","Gash"],"picked":"Ball Lightning","floor":8.0},{"not_picked":["Stack","Barrage"],"picked":"Go for the Eyes","floor":10.0},{"not_picked":["Hologram","Sweeping Beam","Turbo"],"picked":"SKIP","floor":13.0},{"not_picked":["Blizzard","Sweeping Beam","Barrage"],"picked":"SKIP","floor":14.0},{"not_picked":["Thunder Strike","Hyperbeam"],"picked":"Biased Cognition","floor":16.0},{"not_picked":["Redo","Hologram"],"picked":"Hello World+1","floor":18.0},{"not_picked":["Lockon+1","Streamline+1"],"picked":"Seek","floor":22.0},{"not_picked":["Hologram","Go for the Eyes"],"picked":"Consume","floor":24.0},{"not_picked":["Rebound+1","Cold Snap","Gash"],"picked":"SKIP","floor":25.0},{"not_picked":["Scrape","Beam Cell","Electrodynamics"],"picked":"Glacier+1","floor":27.0},{"not_picked":["Streamline","Cold Snap","Consume","Turbo"],"picked":"SKIP","floor":28.0},{"not_picked":["Barrage","Reprogram","Sweeping Beam"],"picked":"Conserve Battery+1","floor":29.0},{"not_picked":["All For One","Machine Learning","Fission"],"picked":"Multi-Cast","floor":33.0},{"not_picked":["Hologram","Coolheaded","Cold Snap+1","Streamline+1"],"picked":"SKIP","floor":35.0},{"not_picked":["Ball Lightning","Cold Snap","Barrage","Aggregate+1"],"picked":"SKIP","floor":36.0},{"not_picked":["Gash+1","Compile Driver+1","Cold Snap+1"],"picked":"Redo+1","floor":38.0},{"not_picked":["Aggregate","Beam Cell","Compile Driver"],"picked":"Chaos+1","floor":39.0},{"not_picked":["Compile Driver","Self Repair+1","Rebound"],"picked":"Hologram+1","floor":45.0},{"not_picked":["Heatsinks","Hyperbeam","White Noise+1"],"picked":"Redo+1","floor":47.0},{"not_picked":["Undo+1","Rip and Tear","Static Discharge+1"],"picked":"Stack+1","floor":48.0}],"player_experience":159586,"relics_obtained":[{"floor":7.0,"key":"Toy Ornithopter"},{"floor":9.0,"key":"Lantern"},{"floor":14.0,"key":"MawBank"},{"floor":17.0,"key":"Kunai"},{"floor":17.0,"key":"Smiling Mask"},{"floor":17.0,"key":"Lizard Tail"},{"floor":21.0,"key":"Nilry\u0027s Codex"},{"floor":26.0,"key":"Vajra"},{"floor":26.0,"key":"Question Card"},{"floor":43.0,"key":"Bottled Lightning"},{"floor":43.0,"key":"DataDisk"},{"floor":45.0,"key":"Toxic Egg 2"}],"event_choices":[{"cards_removed":["Strike_B"],"damage_healed":0.0,"max_hp_gain":0.0,"max_hp_loss":0.0,"gold_gain":0.0,"event_name":"Golden Wing","player_choice":"Card Removal","floor":5.0,"gold_loss":0.0,"damage_taken":7.0},{"cards_removed":["Strike_B"],"damage_healed":0.0,"max_hp_gain":0.0,"max_hp_loss":0.0,"gold_gain":0.0,"event_name":"Living Wall","player_choice":"Forget","floor":12.0,"gold_loss":0.0,"damage_taken":0.0},{"damage_healed":0.0,"max_hp_gain":0.0,"max_hp_loss":0.0,"gold_gain":0.0,"event_name":"Vampires","player_choice":"Ignored","floor":19.0,"gold_loss":0.0,"damage_taken":0.0},{"damage_healed":0.0,"max_hp_gain":0.0,"max_hp_loss":0.0,"gold_gain":0.0,"event_name":"Cursed Tome","player_choice":"Obtained Book","floor":21.0,"gold_loss":0.0,"damage_taken":16.0},{"damage_healed":0.0,"max_hp_gain":0.0,"max_hp_loss":0.0,"gold_gain":0.0,"event_name":"Tomb of Lord Red Mask","player_choice":"Paid","floor":41.0,"gold_loss":106.0,"damage_taken":0.0,"relics_obtained":["Red Mask"]},{"damage_healed":0.0,"max_hp_gain":0.0,"max_hp_loss":0.0,"gold_gain":0.0,"event_name":"Mysterious Sphere","player_choice":"Ignored","floor":42.0,"gold_loss":0.0,"damage_taken":0.0},{"damage_healed":0.0,"max_hp_gain":0.0,"max_hp_loss":0.0,"gold_gain":0.0,"event_name":"Match and Keep!","player_choice":"2 cards matched","floor":44.0,"gold_loss":0.0,"damage_taken":0.0,"cards_obtained":["FTL","All For One"]}],"is_beta":false,"boss_relics":[{"not_picked":["Black Star","Ectoplasm"],"picked":"Calling Bell"},{"not_picked":["Philosopher\u0027s Stone","Pandora\u0027s Box"],"picked":"Empty Cage"}],"items_purged_floors":[20,31,37],"is_endless":false,"potions_floor_spawned":[4,13,16,22,25,29,33,39,45,47],"ascension_level":0}