{"gold_per_floor":[114,130,149,149,149,149,189,189,259,66,85,47,47,47,47,178,478,469,489,489,514,533,533],"floor_reached":23,"playtime":1492,"items_purged":["Strike_B"],"score":191,"play_id":"917dbab7-3ed4-4eb4-9128-8e2faddb96b2","local_time":"20230805213509","is_ascension_mode":false,"campfire_choices":[{"data":"Fusion","floor":6,"key":"SMITH"},{"data":"Defragment","floor":8,"key":"SMITH"},{"data":"Zap","floor":13,"key":"SMITH"},{"floor":15,"key":"RECALL"}],"neow_cost":"NONE","seed_source_timestamp":1755378456492900,"circlet_count":0,"master_deck":["Strike_B","Strike_B","Defend_B","Defend_B","Defend_B","Defend_B","Zap+1","Dualcast","Compile Driver","Fusion+1","Hologram","Defragment+1","Self Repair+1","Capacitor+1","Buffer+1","CurseOfTheBell","Genetic Algorithm","Consume","White Noise+1","Turbo"],"relics":["Cracked Core","Boot","Golden Idol","Potion Belt","Frozen Egg 2","Pear","Calling Bell","Ornamental Fan","Old Coin","Nloth\u0027s Gift"],"potions_floor_usage":[16,22],"damage_taken":[{"damage":1,"enemies":"Cultist","floor":1,"turns":3},{"damage":5,"enemies":"2 Louse","floor":2,"turns":2},{"damage":7,"enemies":"Small Slimes","floor":3,"turns":3},{"damage":22,"enemies":"Lagavulin","floor":7,"turns":7},{"damage":2,"enemies":"Blue Slaver","floor":11,"turns":4},{"damage":36,"enemies":"Slime Boss","floor":16,"turns":11},{"damage":10,"enemies":"2 Thieves","floor":18,"turns":4},{"damage":49,"enemies":"3 Byrds","floor":19,"turns":6},{"damage":22,"enemies":"Snecko","floor":21,"turns":8},{"damage":22,"enemies":"Snake Plant","floor":22,"turns":5},{"damage":24,"enemies":"Book of Stabbing","floor":23,"turns":4}],"seed_played":"1312679201269146011","potions_obtained":[{"floor":2,"key":"BlessingOfTheForge"},{"floor":7,"key":"SteroidPotion"},{"floor":11,"key":"SkillPotion"},{"floor":21,"key":"FearPotion"},{"floor":22,"key":"SteroidPotion"}],"is_trial":false,"path_per_floor":["M","M","M","?","?","R","E","R","T","$","M","$","R","T","R","B",null,"M","M","?","M","M","E"],"character_chosen":"DEFECT","items_purchased":["Self Repair+1","Dexterity Potion","Capacitor+1"],"campfire_rested":0,"item_purchase_floors":[10,10,12],"current_hp_per_floor":[74,69,62,62,44,44,22,22,22,22,30,30,30,40,40,14,85,85,46,46,34,22,0],"gold":533,"neow_bonus":"RANDOM_COMMON_RELIC","is_prod":false,"is_daily":false,"chose_seed":false,"campfire_upgraded":3,"win_rate":0,"timestamp":1691296509,"path_taken":["M","?","M","?","?","R","E","R","T","$","M","$","R","?","R","BOSS","M","?","?","M","M","E"],"build_version":"2022-12-18","purchased_purges":1,"victory":false,"max_hp_per_floor":[75,75,75,75,75,75,75,75,75,75,75,75,75,85,85,85,85,85,85,85,85,85,85],"card_choices":[{"not_picked":["Redo","Stack"],"picked":"Compile Driver","floor":1},{"not_picked":["Streamline","Skim"],"picked":"Fusion","floor":2},{"not_picked":["Gash","Turbo"],"picked":"Hologram","floor":3},{"not_picked":["Doom and Gloom","Gash"],"picked":"Defragment","floor":7},{"not_picked":["Beam Cell","Steam Power","Reprogram"],"picked":"SKIP","floor":11},{"not_picked":["Hyperbeam","Reboot"],"picked":"Buffer+1","floor":16},{"not_picked":["Rebound","Redo+1"],"picked":"Genetic Algorithm","floor":18},{"not_picked":["Self Repair+1","Stack"],"picked":"Consume","floor":19},{"not_picked":["Turbo+1","Recycle"],"picked":"White Noise+1","floor":21},{"not_picked":["Gash","Recycle+1"],"picked":"Turbo","floor":22}],"player_experience":96717,"relics_obtained":[{"floor":7,"key":"Potion Belt"},{"floor":9,"key":"Frozen Egg 2"},{"floor":14,"key":"Pear"},{"floor":17,"key":"Toy Ornithopter"},{"floor":17,"key":"Ornamental Fan"},{"floor":17,"key":"Old Coin"}],"event_choices":[{"cards_removed":["Strike_B"],"damage_healed":0,"gold_gain":0,"player_choice":"Forget","damage_taken":0,"max_hp_gain":0,"max_hp_loss":0,"event_name":"Living Wall","floor":4,"gold_loss":0},{"damage_healed":0,"gold_gain":0,"player_choice":"Take Damage","damage_taken":18,"relics_obtained":["Golden Idol"],"max_hp_gain":0,"max_hp_loss":0,"event_name":"Golden Idol","floor":5,"gold_loss":0},{"damage_healed":0,"gold_gain":0,"player_choice":"Traded Relic","damage_taken":0,"relics_obtained":["Nloth\u0027s Gift"],"max_hp_gain":0,"max_hp_loss":0,"event_name":"N\u0027loth","floor":20,"relics_lost":["Toy Ornithopter"],"gold_loss":0}],"is_beta":false,"boss_relics":[{"not_picked":["SacredBark","Velvet Choker"],"picked":"Calling Bell"}],"items_purged_floors":[10],"is_endless":false,"potions_floor_spawned":[2,7,11,21,22],"killed_by":"Book of Stabbing","ascension_level":0}