{"gold_per_floor":[113,6,18,34,44,44,59,59,106,136,311,325,325,344,344,449,449,459,549,564,576,15,15,35,35,60,72,72,90,90,100,100,100],"floor_reached":33,"playtime":2079,"items_purged":[],"score":278,"play_id":"1f39dd62-f6f6-4ecc-8e11-35904aa2d86f","local_time":"20230806004543","is_ascension_mode":false,"campfire_choices":[{"data":"Capacitor","floor":6,"key":"SMITH"},{"data":"White Noise","floor":8,"key":"SMITH"},{"data":"Zap","floor":13,"key":"SMITH"},{"data":"Conserve Battery","floor":15,"key":"SMITH"},{"data":"Defragment","floor":23,"key":"SMITH"},{"data":"White Noise","floor":25,"key":"SMITH"},{"data":"Rainbow","floor":28,"key":"SMITH"},{"floor":30,"key":"RECALL"},{"floor":32,"key":"REST"}],"neow_cost":"NONE","seed_source_timestamp":1766226577932300,"circlet_count":0,"master_deck":["Strike_B","Strike_B","Strike_B","Defend_B","Defend_B","Defend_B","Defend_B","Zap+1","Dualcast","Stack","White Noise+1","FTL","Ball Lightning","Capacitor+1","Genetic Algorithm","Double Energy","Doubt","Lockon","Conserve Battery+1","Rainbow+1","Barrage+1","Lockon+1","Sweeping Beam","Defragment+1","White Noise+1","Chaos+1","White Noise"],"relics":["FrozenCore","Anchor","Darkstone Periapt","Mummified Hand","InkBottle","Lantern"],"potions_floor_usage":[12,12,16,16,29,33],"damage_taken":[{"damage":0,"enemies":"Small Slimes","floor":1,"turns":3},{"damage":0,"enemies":"2 Louse","floor":3,"turns":3},{"damage":0,"enemies":"Cultist","floor":4,"turns":2},{"damage":17,"enemies":"Gremlin Gang","floor":5,"turns":5},{"damage":4,"enemies":"Blue Slaver","floor":7,"turns":3},{"damage":13,"enemies":"Lagavulin","floor":10,"turns":7},{"damage":4,"enemies":"2 Fungi Beasts","floor":12,"turns":3},{"damage":0,"enemies":"Large Slime","floor":14,"turns":4},{"damage":29,"enemies":"The Guardian","floor":16,"turns":10},{"damage":0,"enemies":"Chosen","floor":18,"turns":3},{"damage":5,"enemies":"Spheric Guardian","floor":20,"turns":4},{"damage":42,"enemies":"3 Cultists","floor":21,"turns":8},{"damage":2,"enemies":"Snake Plant","floor":24,"turns":4},{"damage":15,"enemies":"Centurion and Healer","floor":27,"turns":6},{"damage":0,"enemies":"Snecko","floor":29,"turns":4},{"damage":6,"enemies":"Sentry and Sphere","floor":31,"turns":4},{"damage":53,"enemies":"Automaton","floor":33,"turns":8}],"seed_played":"5186516155847190839","potions_obtained":[{"floor":1,"key":"Fruit Juice"},{"floor":3,"key":"BlessingOfTheForge"},{"floor":10,"key":"Fruit Juice"},{"floor":14,"key":"ColorlessPotion"},{"floor":21,"key":"DuplicationPotion"},{"floor":27,"key":"Regen Potion"},{"floor":31,"key":"Fire Potion"}],"is_trial":false,"path_per_floor":["M","$","M","M","M","R","M","R","T","E","?","M","R","M","R","B",null,"M","?","M","M","$","R","M","R","T","M","R","M","R","M","R","B"],"character_chosen":"DEFECT","items_purchased":["White Noise","FTL","Defragment","Mummified Hand","InkBottle"],"campfire_rested":1,"item_purchase_floors":[2,2,22,22,22],"current_hp_per_floor":[75,75,75,75,58,58,54,54,54,41,47,53,53,53,53,24,91,91,79,74,32,32,32,30,30,30,15,15,27,27,21,48,0],"gold":100,"neow_bonus":"REMOVE_CARD","is_prod":false,"is_daily":false,"chose_seed":false,"campfire_upgraded":7,"win_rate":0,"timestamp":1691307943,"path_taken":["M","$","M","M","M","R","M","R","T","E","?","M","R","M","R","BOSS","M","?","?","M","$","R","M","R","T","M","R","?","R","M","R","BOSS"],"build_version":"2022-12-18","purchased_purges":0,"victory":false,"max_hp_per_floor":[75,75,75,75,75,75,75,75,75,75,81,91,91,91,91,91,91,91,91,91,91,91,91,91,91,91,91,91,91,91,91,91,91],"card_choices":[{"not_picked":["Tempest","Barrage"],"picked":"Stack","floor":1},{"not_picked":["Barrage","Chill"],"picked":"Ball Lightning","floor":3},{"not_picked":["Redo","Beam Cell","Blizzard"],"picked":"SKIP","floor":4},{"not_picked":["Auto Shields","Self Repair"],"picked":"Capacitor","floor":5},{"not_picked":["Loop","Stack"],"picked":"Genetic Algorithm","floor":7},{"not_picked":["Streamline","Rebound"],"picked":"Double Energy","floor":10},{"not_picked":["Storm","Gash"],"picked":"Lockon","floor":12},{"not_picked":["Static Discharge","Leap"],"picked":"Conserve Battery","floor":14},{"not_picked":["All For One","Thunder Strike"],"picked":"Rainbow","floor":16},{"not_picked":["Streamline","Heatsinks+1"],"picked":"Barrage+1","floor":18},{"not_picked":["Beam Cell","Gash"],"picked":"Lockon+1","floor":20},{"not_picked":["Turbo","BootSequence"],"picked":"Sweeping Beam","floor":21},{"not_picked":["Skim","Cold Snap"],"picked":"White Noise","floor":24},{"not_picked":["Cold Snap+1","Streamline","Turbo"],"picked":"SKIP","floor":27},{"not_picked":["Aggregate","Go for the Eyes"],"picked":"Chaos+1","floor":29},{"not_picked":["Reinforced Body","Stack"],"picked":"White Noise","floor":31}],"player_experience":104706,"relics_obtained":[{"floor":9,"key":"Anchor"},{"floor":10,"key":"Darkstone Periapt"},{"floor":26,"key":"Lantern"}],"event_choices":[{"damage_healed":0,"gold_gain":175,"player_choice":"AGREE","damage_taken":0,"max_hp_gain":0,"max_hp_loss":0,"event_name":"Liars Game","floor":11,"gold_loss":0,"cards_obtained":["Doubt"]},{"damage_healed":0,"gold_gain":90,"player_choice":"GOLD ","damage_taken":12,"max_hp_gain":0,"max_hp_loss":0,"event_name":"Knowing Skull","floor":19,"potions_obtained":[],"gold_loss":0,"cards_obtained":[]}],"is_beta":false,"boss_relics":[{"not_picked":["Runic Pyramid","SacredBark"],"picked":"FrozenCore"}],"items_purged_floors":[],"is_endless":false,"potions_floor_spawned":[1,3,10,14,21,27,31],"killed_by":"Automaton","ascension_level":0}