{"gold_per_floor":[115,132,7,7,19,54,54,88,88,88,105,105,117,129,129,227,227,242,255,265,282,301,301,332,344,422,422],"floor_reached":27,"playtime":1797,"items_purged":[],"score":249,"play_id":"ed904c7c-55c8-448a-a3bf-628f069b8234","local_time":"20230805193119","is_ascension_mode":false,"campfire_choices":[{"data":"Zap","floor":7,"key":"SMITH"},{"data":"Doom and Gloom","floor":10,"key":"SMITH"},{"floor":12,"key":"RECALL"},{"data":"Buffer","floor":15,"key":"SMITH"},{"data":"Barrage","floor":23,"key":"SMITH"}],"neow_cost":"NONE","seed_source_timestamp":1747645828276100,"circlet_count":0,"master_deck":["Strike_B","Strike_B","Strike_B","Defend_B","Defend_B","Defend_B","Defend_B","Zap+1","Dualcast","Doom and Gloom+1","Auto Shields","Bandage Up","Melter","BootSequence","Leap+1","Darkness+1","Redo+1","Hologram+1","Buffer+1","Seek+1","White Noise+1","Go for the Eyes+1","Cold Snap+1","Barrage+1","Genetic Algorithm+1","Tempest+1","Darkness+1"],"relics":["Cracked Core","Smiling Mask","Toxic Egg 2","Lantern","Inserter","Question Card","Meat on the Bone"],"potions_floor_usage":[],"damage_taken":[{"damage":1,"enemies":"Cultist","floor":1,"turns":3},{"damage":1,"enemies":"2 Louse","floor":2,"turns":2},{"damage":1,"enemies":"Jaw Worm","floor":5,"turns":3},{"damage":19,"enemies":"Gremlin Nob","floor":6,"turns":4},{"damage":9,"enemies":"3 Sentries","floor":8,"turns":5},{"damage":2,"enemies":"Blue Slaver","floor":11,"turns":3},{"damage":0,"enemies":"Large Slime","floor":13,"turns":4},{"damage":8,"enemies":"Exordium Thugs","floor":14,"turns":3},{"damage":11,"enemies":"The Guardian","floor":16,"turns":9},{"damage":0,"enemies":"Spheric Guardian","floor":18,"turns":3},{"damage":0,"enemies":"Chosen","floor":19,"turns":4},{"damage":20,"enemies":"Snake Plant","floor":20,"turns":5},{"damage":15,"enemies":"Shelled Parasite and Fungi","floor":21,"turns":5},{"damage":12,"enemies":"Snecko","floor":22,"turns":7},{"damage":25,"enemies":"Gremlin Leader","floor":24,"turns":6},{"damage":6,"enemies":"Centurion and Healer","floor":25,"turns":6},{"damage":17,"enemies":"Slavers","floor":27,"turns":2}],"seed_played":"-4969415623175833189","potions_obtained":[{"floor":2,"key":"Swift Potion"},{"floor":11,"key":"Strength Potion"},{"floor":18,"key":"Swift Potion"},{"floor":20,"key":"SteroidPotion"}],"is_trial":false,"path_per_floor":["M","M","$","?","M","E","R","E","T","R","M","R","M","M","R","B",null,"M","M","M","M","M","R","E","M","T","E"],"character_chosen":"DEFECT","items_purchased":["Bandage Up","Melter"],"campfire_rested":0,"item_purchase_floors":[3,3],"current_hp_per_floor":[74,73,73,73,75,56,56,51,51,51,53,53,57,49,49,42,75,75,75,59,48,40,40,19,17,17,0],"gold":422,"neow_bonus":"REMOVE_CARD","is_prod":false,"is_daily":false,"chose_seed":false,"campfire_upgraded":4,"win_rate":0,"timestamp":1691289079,"path_taken":["M","M","?","?","?","E","R","E","T","R","M","R","M","M","R","BOSS","M","M","M","M","?","R","E","?","T","E"],"build_version":"2022-12-18","purchased_purges":0,"victory":false,"max_hp_per_floor":[75,75,75,75,75,75,75,75,75,75,75,75,75,75,75,75,75,75,75,75,75,75,75,75,75,75,75],"card_choices":[{"not_picked":["Coolheaded","Barrage"],"picked":"Doom and Gloom","floor":1},{"not_picked":["Conserve Battery","Streamline"],"picked":"Auto Shields","floor":2},{"not_picked":["Hologram","Steam Power"],"picked":"BootSequence","floor":5},{"not_picked":["FTL","Sunder"],"picked":"Leap+1","floor":6},{"not_picked":["Amplify+1","Compile Driver"],"picked":"Darkness+1","floor":8},{"not_picked":["Undo+1","Self Repair"],"picked":"Redo+1","floor":11},{"not_picked":["Streamline","Steam+1"],"picked":"Hologram+1","floor":13},{"not_picked":["Barrage","Doom and Gloom"],"picked":"Buffer","floor":14},{"not_picked":["Reboot+1","Buffer"],"picked":"Seek+1","floor":16},{"not_picked":["Skim+1","Aggregate+1"],"picked":"White Noise+1","floor":18},{"not_picked":["Sunder","Sweeping Beam"],"picked":"Go for the Eyes+1","floor":19},{"not_picked":["Auto Shields+1","Steam+1"],"picked":"Cold Snap+1","floor":20},{"not_picked":["Beam Cell+1","Doom and Gloom"],"picked":"Barrage","floor":21},{"not_picked":["Doom and Gloom","Rebound"],"picked":"Genetic Algorithm+1","floor":22},{"not_picked":["Skim+1","Genetic Algorithm+1"],"picked":"Tempest+1","floor":24},{"not_picked":["Hologram+1","Beam Cell","Streamline"],"picked":"Darkness+1","floor":25}],"player_experience":89041,"relics_obtained":[{"floor":6,"key":"Toxic Egg 2"},{"floor":8,"key":"Lantern"},{"floor":24,"key":"Question Card"},{"floor":26,"key":"Meat on the Bone"}],"event_choices":[{"damage_healed":0,"gold_gain":0,"player_choice":"Gave Potion","damage_taken":0,"relics_obtained":["Smiling Mask"],"max_hp_gain":0,"max_hp_loss":0,"event_name":"WeMeetAgain","floor":4,"gold_loss":0}],"is_beta":false,"boss_relics":[{"not_picked":["Runic Dome","Astrolabe"],"picked":"Inserter"}],"items_purged_floors":[],"is_endless":false,"potions_floor_spawned":[2,11,18,20,21],"killed_by":"Slavers","ascension_level":0}