{"gold_per_floor":[119,119,138,156,81,81,109,124,171,183,195,207,233,245],"floor_reached":14,"playtime":848,"items_purged":["Meteor Strike"],"score":90,"play_id":"349bc712-08f6-4f55-bfcc-94d4f8fab10f","local_time":"20230806212547","is_ascension_mode":false,"campfire_choices":[{"data":"Zap","floor":6,"key":"SMITH"},{"data":"Zap","floor":12,"key":"SMITH"}],"neow_cost":"NONE","seed_source_timestamp":1841859996135600,"circlet_count":0,"master_deck":["Strike_B","Strike_B","Strike_B","Strike_B","Defend_B","Defend_B","Defend_B","Defend_B","Zap+1","Dualcast","Chill","Steam","Turbo","Steam","Leap","Zap+1"],"relics":["Cracked Core","Kunai","MawBank"],"potions_floor_usage":[7,7,14],"damage_taken":[{"damage":6,"enemies":"2 Louse","floor":1,"turns":2},{"damage":1,"enemies":"Jaw Worm","floor":3,"turns":3},{"damage":1,"enemies":"Cultist","floor":4,"turns":3},{"damage":21,"enemies":"Gremlin Nob","floor":7,"turns":4},{"damage":11,"enemies":"Gremlin Gang","floor":8,"turns":7},{"damage":8,"enemies":"Red Slaver","floor":13,"turns":4},{"damage":46,"enemies":"3 Sentries","floor":14,"turns":12}],"seed_played":"5679442637783050136","potions_obtained":[{"floor":3,"key":"DistilledChaos"},{"floor":4,"key":"DistilledChaos"},{"floor":8,"key":"Regen Potion"}],"is_trial":false,"path_per_floor":["M","?","M","M","$","R","E","M","T","$","?","R","M","E"],"character_chosen":"DEFECT","items_purchased":[],"campfire_rested":0,"item_purchase_floors":[],"current_hp_per_floor":[69,69,68,67,67,67,46,35,35,35,35,35,27,0],"gold":245,"neow_bonus":"ONE_RANDOM_RARE_CARD","is_prod":false,"is_daily":false,"chose_seed":false,"campfire_upgraded":2,"win_rate":0,"timestamp":1691382347,"path_taken":["M","?","M","M","$","R","E","M","T","$","?","R","?","E"],"build_version":"2022-12-18","purchased_purges":1,"victory":false,"max_hp_per_floor":[75,75,75,75,75,75,75,75,75,75,75,75,75,75],"card_choices":[{"not_picked":["Steam","Cold Snap"],"picked":"Chill","floor":1},{"not_picked":["Ball Lightning","Beam Cell"],"picked":"Steam","floor":3},{"not_picked":["Melter","Scrape"],"picked":"Turbo","floor":4},{"not_picked":["Rainbow","Hyperbeam"],"picked":"Steam","floor":7},{"not_picked":["Steam","Recycle"],"picked":"Leap","floor":8},{"not_picked":["Steam","Beam Cell","Cold Snap"],"picked":"SKIP","floor":13}],"player_experience":136200,"relics_obtained":[{"floor":7,"key":"Kunai"},{"floor":9,"key":"MawBank"}],"event_choices":[{"damage_healed":0,"gold_gain":0,"player_choice":"Ignored","damage_taken":0,"max_hp_gain":0,"max_hp_loss":0,"event_name":"Liars Game","floor":2,"gold_loss":0},{"damage_healed":0,"gold_gain":0,"player_choice":"1 cards matched","damage_taken":0,"max_hp_gain":0,"max_hp_loss":0,"event_name":"Match and Keep!","floor":11,"gold_loss":0,"cards_obtained":["Zap"]}],"is_beta":false,"boss_relics":[],"items_purged_floors":[5],"is_endless":false,"potions_floor_spawned":[3,4,8],"killed_by":"3 Sentries","ascension_level":0}