{"gold_per_floor":[119,133,152,172,172,172,208,208,261,261,275,275,289,308,308,437,437,455,471,396,409,424,424,467,467,467,507,526,526,526,541,541,662,662,687,762,812,101,167,167,67,67,67,82,82,132,182,202,202,202],"floor_reached":51,"playtime":3219,"items_purged":["Strike_B","Defend_B"],"score":741,"play_id":"f0e13174-d881-453c-a208-b12df6ce8595","local_time":"20230806234120","is_ascension_mode":false,"campfire_choices":[{"data":"Zap","floor":6.0,"key":"SMITH"},{"data":"Defragment","floor":8.0,"key":"SMITH"},{"data":"White Noise","floor":10.0,"key":"SMITH"},{"floor":15,"key":"REST"},{"data":"Steam","floor":23,"key":"SMITH"},{"data":"Biased Cognition","floor":25,"key":"SMITH"},{"data":"Consume","floor":29,"key":"SMITH"},{"floor":32,"key":"REST"},{"data":"Machine Learning","floor":40,"key":"SMITH"},{"data":"Auto Shields","floor":42,"key":"SMITH"},{"data":"Go for the Eyes","floor":45,"key":"SMITH"},{"floor":49,"key":"REST"}],"neow_cost":"NONE","seed_source_timestamp":0,"circlet_count":0,"master_deck":["Strike_B","Defend_B","Defend_B","Zap+1","Dualcast","White Noise+1","Loop","Redo","Ball Lightning","Defragment+1","Steam+1","Consume+1","Genetic Algorithm","Biased Cognition+1","CurseOfTheBell","Stack","FTL","Go for the Eyes+1","Self Repair+1","Electrodynamics","Leap","Coolheaded","Loop+1","Machine Learning+1","Auto Shields+1","Hologram+1","Lockon+1","Finesse","Coolheaded+1"],"special_seed":0,"relics":["Cracked Core","Golden Idol","HornCleat","Strawberry","Calling Bell","Ancient Tea Set","Letter Opener","TungstenRod","Art of War","Lizard Tail","Singing Bowl","SsserpentHead","Inserter","StoneCalendar","Mercury Hourglass","Molten Egg 2"],"potions_floor_usage":[24,24,27,33,50,50],"damage_taken":[{"damage":6.0,"enemies":"Jaw Worm","floor":1.0,"turns":3.0},{"damage":0.0,"enemies":"Small Slimes","floor":2.0,"turns":4.0},{"damage":0.0,"enemies":"2 Louse","floor":3.0,"turns":4.0},{"damage":12.0,"enemies":"Gremlin Gang","floor":4.0,"turns":3.0},{"damage":14.0,"enemies":"Gremlin Nob","floor":7.0,"turns":3.0},{"damage":6.0,"enemies":"3 Louse","floor":11.0,"turns":4.0},{"damage":0,"enemies":"Large Slime","floor":13,"turns":3},{"damage":0,"enemies":"Looter","floor":14,"turns":3},{"damage":19,"enemies":"Slime Boss","floor":16,"turns":8},{"damage":26,"enemies":"Chosen","floor":18,"turns":5},{"damage":6,"enemies":"3 Byrds","floor":19,"turns":4},{"damage":15,"enemies":"Shelled Parasite and Fungi","floor":21,"turns":4},{"damage":22,"enemies":"Centurion and Healer","floor":22,"turns":7},{"damage":0,"enemies":"Book of Stabbing","floor":24,"turns":5},{"damage":14,"enemies":"Gremlin Leader","floor":27,"turns":6},{"damage":12,"enemies":"Chosen and Byrds","floor":28,"turns":6},{"damage":1,"enemies":"3 Cultists","floor":31,"turns":2},{"damage":18,"enemies":"Collector","floor":33,"turns":7},{"damage":31,"enemies":"3 Shapes","floor":35,"turns":5},{"damage":21,"enemies":"3 Darklings","floor":36,"turns":4},{"damage":10,"enemies":"Transient","floor":39,"turns":5},{"damage":14,"enemies":"Spire Growth","floor":44,"turns":5},{"damage":14,"enemies":"Maw","floor":48,"turns":5},{"damage":31,"enemies":"Donu and Deca","floor":50,"turns":6}],"seed_played":"-5573848621125858593","potions_obtained":[{"floor":1.0,"key":"Explosive Potion"},{"floor":11,"key":"SkillPotion"},{"floor":13,"key":"DuplicationPotion"},{"floor":19,"key":"Block Potion"},{"floor":27,"key":"LiquidMemories"},{"floor":28,"key":"EssenceOfSteel"},{"floor":35,"key":"CultistPotion"}],"is_trial":false,"path_per_floor":["M","M","M","M","?","R","E","R","T","R","M","?","M","M","R","B",null,"M","M","?","M","M","R","E","R","T","E","M","R","?","M","R","B",null,"M","M","?","$","M","R","$","R","T","M","R","?","?","M","R","B",null],"character_chosen":"DEFECT","items_purchased":["DuplicationPotion","StoneCalendar","Mercury Hourglass"],"campfire_rested":3,"item_purchase_floors":[38,38,38],"current_hp_per_floor":[76,76,76,64,44,44,30,30,37,37,31,24,24,24,50,31,89,63,57,57,42,20,20,30,30,30,26,24,24,24,33,59,51,89,70,49,49,49,49,49,49,49,49,45,45,45,45,41,68,37],"gold":202,"neow_bonus":"TEN_PERCENT_HP_BONUS","is_prod":false,"is_daily":false,"chose_seed":false,"campfire_upgraded":9,"win_rate":0,"timestamp":1691390480,"path_taken":["M","M","M","M","?","R","E","R","T","R","M","?","M","M","R","BOSS","M","M","?","M","M","R","E","R","T","E","M","R","?","M","R","BOSS","M","?","?","$","?","R","$","R","T","M","R","?","?","M","R","BOSS"],"build_version":"2022-12-18","purchased_purges":2,"victory":true,"max_hp_per_floor":[82,82,82,82,82,82,82,82,89,89,89,89,89,89,89,89,89,89,89,89,89,89,89,89,89,89,89,89,89,89,89,89,89,89,91,91,91,91,91,91,91,91,91,91,91,91,91,91,91,91],"card_choices":[{"not_picked":["BootSequence","Lockon"],"picked":"White Noise","floor":1.0},{"not_picked":["Coolheaded","Redo"],"picked":"Loop","floor":2.0},{"not_picked":["Streamline","Reinforced Body"],"picked":"Redo","floor":3.0},{"not_picked":["Go for the Eyes","Scrape"],"picked":"Ball Lightning","floor":4.0},{"not_picked":["Melter","Rebound"],"picked":"Defragment","floor":7.0},{"not_picked":["Fusion","Sweeping Beam"],"picked":"Steam","floor":11},{"not_picked":["Amplify","Leap"],"picked":"Consume","floor":13},{"not_picked":["Doom and Gloom","Steam"],"picked":"Genetic Algorithm","floor":14},{"not_picked":["Hyperbeam","Meteor Strike"],"picked":"Biased Cognition","floor":16},{"not_picked":["Sunder","Reinforced Body"],"picked":"Stack","floor":18},{"not_picked":["Sweeping Beam","Scrape+1"],"picked":"FTL","floor":19},{"not_picked":["Beam Cell+1","Scrape"],"picked":"Go for the Eyes","floor":21},{"not_picked":["Rebound+1","Hyperbeam"],"picked":"Self Repair+1","floor":22},{"not_picked":["Redo","Ball Lightning+1"],"picked":"Electrodynamics","floor":24},{"not_picked":["Self Repair","Hologram+1"],"picked":"Leap","floor":27},{"not_picked":["Reprogram","Cold Snap+1"],"picked":"Coolheaded","floor":28},{"not_picked":["Stack","Genetic Algorithm+1"],"picked":"Loop+1","floor":31},{"not_picked":["Echo Form","Hyperbeam"],"picked":"Machine Learning","floor":33},{"not_picked":["Rebound","Tempest+1","Cold Snap+1"],"picked":"Singing Bowl","floor":35},{"not_picked":["Cold Snap","Compile Driver+1"],"picked":"Auto Shields","floor":36},{"not_picked":["Scrape+1","Stack"],"picked":"Hologram+1","floor":39},{"not_picked":["Cold Snap+1","Consume"],"picked":"Lockon+1","floor":44},{"not_picked":["Enlightenment","Bandage Up"],"picked":"Finesse","floor":47},{"not_picked":["Buffer","Ball Lightning+1"],"picked":"Coolheaded+1","floor":48}],"player_experience":137048,"relics_obtained":[{"floor":7.0,"key":"HornCleat"},{"floor":9.0,"key":"Strawberry"},{"floor":17,"key":"Ancient Tea Set"},{"floor":17,"key":"Letter Opener"},{"floor":17,"key":"TungstenRod"},{"floor":24,"key":"Art of War"},{"floor":26,"key":"Lizard Tail"},{"floor":27,"key":"Singing Bowl"},{"floor":43,"key":"Molten Egg 2"}],"event_choices":[{"damage_healed":0.0,"max_hp_gain":0.0,"max_hp_loss":0.0,"gold_gain":0.0,"event_name":"Golden Idol","player_choice":"Take Damage","floor":5.0,"gold_loss":0.0,"damage_taken":20.0,"relics_obtained":["Golden Idol"]},{"cards_removed":["Strike_B"],"damage_healed":0,"gold_gain":0,"player_choice":"Card Removal","damage_taken":7,"max_hp_gain":0,"max_hp_loss":0,"event_name":"Golden Wing","floor":12,"gold_loss":0},{"cards_removed":["Strike_B"],"damage_healed":0,"gold_gain":0,"player_choice":"Gave Gold","damage_taken":0,"max_hp_gain":0,"max_hp_loss":0,"event_name":"Beggar","floor":20,"gold_loss":75},{"damage_healed":0,"gold_gain":0,"player_choice":"Trade","damage_taken":0,"relics_obtained":["SsserpentHead"],"max_hp_gain":0,"max_hp_loss":0,"event_name":"FaceTrader","floor":30,"gold_loss":0},{"damage_healed":0,"gold_gain":0,"player_choice":"Ignored","damage_taken":0,"max_hp_gain":0,"max_hp_loss":0,"event_name":"NoteForYourself","floor":37,"gold_loss":0},{"cards_removed":["Defend_B"],"damage_healed":0,"gold_gain":0,"player_choice":"Removed Skill","damage_taken":0,"max_hp_gain":0,"max_hp_loss":0,"event_name":"Falling","floor":46,"gold_loss":0},{"damage_healed":0,"gold_gain":0,"player_choice":"Memory 1","damage_taken":0,"max_hp_gain":0,"max_hp_loss":0,"event_name":"SensoryStone","floor":47,"gold_loss":0}],"is_beta":false,"boss_relics":[{"not_picked":["Runic Pyramid","Nuclear Battery"],"picked":"Calling Bell"},{"not_picked":["FrozenCore","Black Star"],"picked":"Inserter"}],"items_purged_floors":[38,41],"is_endless":false,"potions_floor_spawned":[1,11,13,19,27,28,35,44,48],"ascension_level":0}