{"gold_per_floor":[112,112,112,126,141,141,174,174,174,188,205,236,250,23,23,119,119,135,155,182,182,82,82,82],"floor_reached":24,"playtime":911,"items_purged":["White Noise","Strike_B"],"score":293,"play_id":"d8e4d62d-3e19-4468-99f6-001641f0207e","local_time":"20230819181628","is_ascension_mode":true,"campfire_choices":[{"data":"Dualcast","floor":6,"key":"SMITH"},{"data":"Leap","floor":8,"key":"SMITH"},{"floor":15,"key":"REST"},{"floor":23,"key":"REST"}],"neow_cost":"NONE","seed_source_timestamp":924515193702400,"circlet_count":0,"master_deck":["Strike_B","Strike_B","Defend_B","Defend_B","Defend_B","Defend_B","Zap+1","Dualcast+1","Ball Lightning","Leap+1","Go for the Eyes","Conserve Battery","Capacitor","Auto Shields","Leap+1","Leap+1","Capacitor"],"relics":["FrozenCore","Kunai","Pear","Tiny Chest","Red Mask"],"potions_floor_usage":[11,12,12,16,20,24],"damage_taken":[{"damage":2,"enemies":"Jaw Worm","floor":1,"turns":3},{"damage":0,"enemies":"2 Louse","floor":4,"turns":3},{"damage":0,"enemies":"Small Slimes","floor":5,"turns":2},{"damage":25,"enemies":"Lagavulin","floor":7,"turns":5},{"damage":2,"enemies":"2 Fungi Beasts","floor":10,"turns":3},{"damage":23,"enemies":"Exordium Thugs","floor":11,"turns":4},{"damage":16,"enemies":"3 Sentries","floor":12,"turns":6},{"damage":4,"enemies":"Blue Slaver","floor":13,"turns":3},{"damage":16,"enemies":"The Guardian","floor":16,"turns":12},{"damage":0,"enemies":"Shell Parasite","floor":18,"turns":9},{"damage":15,"enemies":"3 Byrds","floor":19,"turns":8},{"damage":44,"enemies":"Masked Bandits","floor":20,"turns":8},{"damage":41,"enemies":"Slavers","floor":24,"turns":4}],"seed_played":"-2160457657218960650","potions_obtained":[{"floor":1,"key":"Strength Potion"},{"floor":7,"key":"Explosive Potion"},{"floor":10,"key":"EssenceOfSteel"},{"floor":12,"key":"Swift Potion"},{"floor":19,"key":"Block Potion"},{"floor":20,"key":"Strength Potion"}],"is_trial":false,"path_per_floor":["M","?","?","M","M","R","E","R","T","M","M","E","M","$","R","B",null,"M","M","?","?","$","R","E"],"character_chosen":"DEFECT","items_purchased":["Capacitor","Auto Shields"],"campfire_rested":2,"item_purchase_floors":[14,14],"current_hp_per_floor":[66,71,64,64,64,64,39,39,49,47,24,8,4,4,31,15,71,71,56,12,12,12,39,0],"gold":82,"neow_bonus":"UPGRADE_CARD","is_prod":false,"is_daily":false,"chose_seed":false,"campfire_upgraded":2,"win_rate":0,"timestamp":1692494188,"path_taken":["M","?","?","M","M","R","E","R","T","M","M","E","M","$","R","BOSS","M","M","?","?","$","R","E"],"build_version":"2022-12-18","purchased_purges":2,"victory":false,"max_hp_per_floor":[75,80,80,80,80,80,80,80,90,90,90,90,90,90,90,90,90,90,90,90,90,90,90,90],"card_choices":[{"not_picked":["Recycle","Steam Power"],"picked":"Ball Lightning","floor":1},{"not_picked":["Fusion","Recycle"],"picked":"White Noise","floor":4},{"not_picked":["Steam","White Noise"],"picked":"Leap","floor":5},{"not_picked":["Scrape","Barrage","Fusion"],"picked":"SKIP","floor":7},{"not_picked":["Force Field","Conserve Battery"],"picked":"Go for the Eyes","floor":10},{"not_picked":["Rebound","Hologram","Fusion"],"picked":"SKIP","floor":11},{"not_picked":["Steam Power","Hello World"],"picked":"Conserve Battery","floor":12},{"not_picked":["Steam Power","Hologram","Storm"],"picked":"SKIP","floor":13},{"not_picked":["Redo+1","Heatsinks"],"picked":"Leap+1","floor":18},{"not_picked":["Beam Cell+1","BootSequence"],"picked":"Leap+1","floor":19}],"player_experience":309352,"relics_obtained":[{"floor":7,"key":"Kunai"},{"floor":9,"key":"Pear"},{"floor":12,"key":"Tiny Chest"},{"floor":20,"key":"Red Mask"}],"event_choices":[{"damage_healed":0,"gold_gain":0,"player_choice":"Donut","damage_taken":0,"max_hp_gain":5,"max_hp_loss":0,"event_name":"Big Fish","floor":2,"gold_loss":0},{"cards_removed":["Strike_B"],"damage_healed":0,"gold_gain":0,"player_choice":"Card Removal","damage_taken":7,"max_hp_gain":0,"max_hp_loss":0,"event_name":"Golden Wing","floor":3,"gold_loss":0},{"damage_healed":0,"gold_gain":0,"player_choice":"Fought Bandits","damage_taken":0,"max_hp_gain":0,"max_hp_loss":0,"event_name":"Masked Bandits","floor":20,"gold_loss":0},{"damage_healed":0,"gold_gain":0,"player_choice":"Copied","damage_taken":0,"max_hp_gain":0,"max_hp_loss":0,"event_name":"Duplicator","floor":21,"gold_loss":0,"cards_obtained":["Capacitor"]}],"is_beta":false,"boss_relics":[{"not_picked":["Empty Cage","Runic Dome"],"picked":"FrozenCore"}],"items_purged_floors":[14,22],"is_endless":false,"potions_floor_spawned":[1,7,10,12,19,20],"killed_by":"Slavers","ascension_level":6}