{"gold_per_floor":[109,184,199,199,199,230,38,38,119,138,162,200,213,234,234,358,358,378,378,378,14,14,49,49,70,70,95,95,111,152,165,165,293,293,309,184,199,49,382,382,433,433,433,449,52,77,77,95,95,95],"floor_reached":51,"playtime":2961,"items_purged":["Strike_B","Writhe","Strike_B","Strike_B","Strike_B"],"score":866,"play_id":"a37f6e23-5bb9-43fc-a251-dd8cfa5f5ba7","local_time":"20230817190427","is_ascension_mode":true,"campfire_choices":[{"data":"Consume","floor":8,"key":"SMITH"},{"floor":15,"key":"REST"},{"data":"Defragment","floor":24,"key":"SMITH"},{"data":"Chill","floor":28,"key":"SMITH"},{"data":"Machine Learning","floor":32,"key":"SMITH"},{"floor":40,"key":"RECALL"},{"floor":42,"key":"REST"},{"floor":49,"key":"REST"}],"neow_cost":"NONE","seed_source_timestamp":752504203580100,"circlet_count":0,"master_deck":["Defend_B","Defend_B","Defend_B","Defend_B","Zap+1","Dualcast","Conserve Battery+1","Auto Shields","Go for the Eyes","Consume+1","Ball Lightning","Leap","Cold Snap","Machine Learning+1","Seek","Defragment+1","Chill+1","Ball Lightning","Coolheaded","Cold Snap","Ball Lightning+1","Seek","Coolheaded","Loop"],"relics":["Cracked Core","Boot","Darkstone Periapt","Tiny Chest","Inserter","Question Card","Lee\u0027s Waffle","Meat on the Bone","Emotion Chip","DataDisk","Red Mask","Fusion Hammer","Vajra","Letter Opener","OrangePellets","Sundial"],"potions_floor_usage":[12,30,30,50,50,50],"damage_taken":[{"damage":0,"enemies":"Small Slimes","floor":1,"turns":3},{"damage":0,"enemies":"2 Louse","floor":3,"turns":2},{"damage":9,"enemies":"Lagavulin","floor":6,"turns":9},{"damage":0,"enemies":"Cultist","floor":10,"turns":2},{"damage":0,"enemies":"2 Fungi Beasts","floor":11,"turns":3},{"damage":5,"enemies":"3 Sentries","floor":12,"turns":6},{"damage":8,"enemies":"Exordium Wildlife","floor":13,"turns":4},{"damage":2,"enemies":"Large Slime","floor":14,"turns":4},{"damage":6,"enemies":"The Guardian","floor":16,"turns":10},{"damage":13,"enemies":"2 Thieves","floor":18,"turns":5},{"damage":27,"enemies":"Gremlin Leader","floor":23,"turns":10},{"damage":6,"enemies":"Chosen","floor":25,"turns":5},{"damage":20,"enemies":"Snecko","floor":27,"turns":4},{"damage":1,"enemies":"Snake Plant","floor":29,"turns":4},{"damage":0,"enemies":"Masked Bandits","floor":30,"turns":4},{"damage":1,"enemies":"Cultist and Chosen","floor":31,"turns":7},{"damage":8,"enemies":"Champ","floor":33,"turns":8},{"damage":0,"enemies":"3 Shapes","floor":35,"turns":5},{"damage":0,"enemies":"3 Darklings","floor":37,"turns":5},{"damage":0,"enemies":"Maw","floor":44,"turns":6},{"damage":0,"enemies":"Reptomancer","floor":46,"turns":7},{"damage":12,"enemies":"Transient","floor":48,"turns":5},{"damage":21,"enemies":"Time Eater","floor":50,"turns":8}],"seed_played":"6523910376886307029","potions_obtained":[{"floor":1,"key":"CultistPotion"},{"floor":10,"key":"FocusPotion"},{"floor":14,"key":"Explosive Potion"},{"floor":25,"key":"ColorlessPotion"},{"floor":30,"key":"SneckoOil"},{"floor":33,"key":"BlessingOfTheForge"},{"floor":37,"key":"Dexterity Potion"}],"is_trial":false,"path_per_floor":["M","?","M","?","?","E","$","R","T","M","M","E","M","M","R","B",null,"M","?","?","$","T","E","R","M","T","M","R","M","?","M","R","B",null,"M","$","M","$","?","R","T","R","T","M","$","E","?","M","R","B",null],"character_chosen":"DEFECT","items_purchased":["Consume","Ball Lightning","Defragment","Lee\u0027s Waffle","Chill","Loop","OrangePellets"],"campfire_rested":3,"item_purchase_floors":[7,7,21,21,21,45,45],"current_hp_per_floor":[75,64,64,46,46,37,37,37,37,37,37,32,24,22,44,38,75,62,62,68,88,88,61,61,55,55,47,47,46,46,45,45,49,88,88,88,88,88,88,88,88,88,88,88,88,88,88,76,88,67],"gold":95,"neow_bonus":"UPGRADE_CARD","is_prod":false,"is_daily":false,"chose_seed":false,"campfire_upgraded":4,"win_rate":0,"timestamp":1692324267,"path_taken":["M","?","M","?","?","E","$","R","T","M","M","E","?","M","R","BOSS","M","?","?","$","?","E","R","M","T","M","R","?","?","M","R","BOSS","M","$","M","$","?","R","?","R","T","M","$","E","?","M","R","BOSS"],"build_version":"2022-12-18","purchased_purges":5,"victory":true,"max_hp_per_floor":[75,75,75,75,75,75,75,75,75,75,75,75,75,75,75,75,75,75,75,81,88,88,88,88,88,88,88,88,88,88,88,88,88,88,88,88,88,88,88,88,88,88,88,88,88,88,88,88,88,88],"card_choices":[{"not_picked":["Melter","Beam Cell"],"picked":"Conserve Battery","floor":1},{"not_picked":["Go for the Eyes","Compile Driver"],"picked":"Auto Shields","floor":3},{"not_picked":["Force Field","Steam"],"picked":"Go for the Eyes","floor":6},{"not_picked":["Coolheaded","Beam Cell"],"picked":"Leap","floor":10},{"not_picked":["Gash","Compile Driver"],"picked":"Cold Snap","floor":11},{"not_picked":["Fusion","Genetic Algorithm"],"picked":"Machine Learning","floor":12},{"not_picked":["Steam","Doom and Gloom","Blizzard"],"picked":"SKIP","floor":13},{"not_picked":["Steam","Streamline","Sweeping Beam"],"picked":"SKIP","floor":14},{"not_picked":["Core Surge","Thunder Strike"],"picked":"Seek","floor":16},{"not_picked":["Compile Driver","Redo","Rip and Tear+1"],"picked":"SKIP","floor":18},{"not_picked":["Hologram","Redo","Amplify","Chaos"],"picked":"SKIP","floor":23},{"not_picked":["Storm","Conserve Battery","Hologram"],"picked":"Ball Lightning","floor":25},{"not_picked":["Genetic Algorithm","Loop+1","Skim"],"picked":"Coolheaded","floor":27},{"not_picked":["Rebound","Beam Cell","Redo","Streamline"],"picked":"SKIP","floor":29},{"not_picked":["FTL","Stack","Genetic Algorithm+1"],"picked":"Cold Snap","floor":30},{"not_picked":["Sweeping Beam","Barrage+1","Steam+1"],"picked":"Ball Lightning+1","floor":31},{"not_picked":["Amplify","Fission","Rainbow"],"picked":"Seek","floor":33},{"not_picked":["Leap","Scrape+1","Fusion+1","Ball Lightning"],"picked":"SKIP","floor":35},{"not_picked":["Streamline+1","Genetic Algorithm+1","Rebound","Hologram"],"picked":"SKIP","floor":37},{"not_picked":["Conserve Battery+1","Chaos+1","Beam Cell+1"],"picked":"Coolheaded","floor":44},{"not_picked":["Turbo","Hello World+1","Hologram+1","Steam+1"],"picked":"SKIP","floor":46},{"not_picked":["Barrage","Go for the Eyes","Sunder+1","Gash"],"picked":"SKIP","floor":48}],"player_experience":277177,"relics_obtained":[{"floor":6,"key":"Boot"},{"floor":9,"key":"Darkstone Periapt"},{"floor":12,"key":"Tiny Chest"},{"floor":22,"key":"Meat on the Bone"},{"floor":23,"key":"Emotion Chip"},{"floor":26,"key":"DataDisk"},{"floor":30,"key":"Red Mask"},{"floor":41,"key":"Vajra"},{"floor":43,"key":"Letter Opener"},{"floor":46,"key":"Sundial"}],"event_choices":[{"damage_healed":0,"gold_gain":75,"player_choice":"Gather Gold","damage_taken":11,"max_hp_gain":0,"max_hp_loss":0,"event_name":"World of Goop","floor":2,"gold_loss":0},{"damage_healed":0,"gold_gain":0,"player_choice":"Take Damage","damage_taken":18,"relics_obtained":["Golden Idol"],"max_hp_gain":0,"max_hp_loss":0,"event_name":"Golden Idol","floor":4,"gold_loss":0},{"damage_healed":0,"gold_gain":0,"player_choice":"Forge","damage_taken":0,"max_hp_gain":0,"max_hp_loss":0,"event_name":"Accursed Blacksmith","floor":5,"gold_loss":0,"cards_upgraded":["Conserve Battery"]},{"damage_healed":0,"gold_gain":0,"player_choice":"Ignored","damage_taken":0,"max_hp_gain":0,"max_hp_loss":0,"event_name":"Cursed Tome","floor":19,"gold_loss":0},{"damage_healed":0,"gold_gain":0,"player_choice":"Opened","damage_taken":0,"relics_obtained":["Question Card"],"max_hp_gain":0,"max_hp_loss":0,"event_name":"The Mausoleum","floor":20,"gold_loss":0,"cards_obtained":["Writhe"]},{"damage_healed":0,"gold_gain":0,"player_choice":"Fought Bandits","damage_taken":0,"max_hp_gain":0,"max_hp_loss":0,"event_name":"Masked Bandits","floor":30,"gold_loss":0},{"damage_healed":0,"gold_gain":333,"player_choice":"Gave Idol","damage_taken":0,"max_hp_gain":0,"max_hp_loss":0,"event_name":"The Moai Head","floor":39,"relics_lost":["Golden Idol"],"gold_loss":0},{"damage_healed":0,"gold_gain":0,"player_choice":"Memory 1","damage_taken":0,"max_hp_gain":0,"max_hp_loss":0,"event_name":"SensoryStone","floor":47,"gold_loss":0}],"is_beta":false,"boss_relics":[{"not_picked":["Empty Cage","Coffee Dripper"],"picked":"Inserter"},{"not_picked":["Tiny House","Black Star"],"picked":"Fusion Hammer"}],"items_purged_floors":[7,21,36,38,45],"is_endless":false,"potions_floor_spawned":[1,10,14,25,30,33,37,48],"ascension_level":4}