{"gold_per_floor":[10,21,21,21,35,35,67,81,81,81,108,119,119,119,119,217,217,235,255,269,269,194,1,36,51,51,71,71,105,105,30,30,135,135,154,154,179,188,35,35,78,78,78,78,101,101,126,144,144,144],"floor_reached":51,"playtime":2754,"items_purged":["Strike_B+1"],"score":798,"play_id":"8aaca257-88d5-421a-8177-50909b312289","local_time":"20230815024716","is_ascension_mode":true,"campfire_choices":[{"data":"Zap","floor":6,"key":"SMITH"},{"data":"Conserve Battery","floor":10,"key":"SMITH"},{"data":"Defend_B","floor":13,"key":"SMITH"},{"data":"Defend_B","floor":15,"key":"SMITH"},{"floor":28,"key":"REST"},{"floor":32,"key":"REST"},{"data":"Defragment","floor":40,"key":"SMITH"},{"data":"Defragment","floor":42,"key":"SMITH"},{"data":"Machine Learning","floor":44,"key":"SMITH"},{"floor":46,"key":"REST"},{"floor":49,"key":"REST"}],"neow_cost":"NO_GOLD","seed_source_timestamp":521287421973200,"circlet_count":0,"master_deck":["Defend_B+1","Defend_B+1","Defend_B+1","Defend_B+1","Zap+1","Dualcast","Secret Technique+1","Conserve Battery+1","Ball Lightning","Ball Lightning","Electrodynamics","Static Discharge+1","Recycle+1","Genetic Algorithm","Stack+1","Consume+1","Glacier","Go for the Eyes","Leap+1","Steam+1","Machine Learning+1","Defragment+1","Defragment+1","Loop+1","Go for the Eyes+1"],"relics":["FrozenCore","Omamori","Akabeko","Cables","Astrolabe","DataDisk","InkBottle","Unceasing Top","CeramicFish","Runic Capacitor","Oddly Smooth Stone","Question Card","Mercury Hourglass"],"potions_floor_usage":[7,7,16,24,24,24,25,27,33,45,47,47,50],"damage_taken":[{"damage":0,"enemies":"Small Slimes","floor":1,"turns":2},{"damage":0,"enemies":"Cultist","floor":2,"turns":3},{"damage":0,"enemies":"2 Louse","floor":5,"turns":3},{"damage":13,"enemies":"Gremlin Nob","floor":7,"turns":3},{"damage":9,"enemies":"Gremlin Gang","floor":8,"turns":4},{"damage":8,"enemies":"3 Sentries","floor":11,"turns":5},{"damage":7,"enemies":"Large Slime","floor":12,"turns":4},{"damage":2,"enemies":"Hexaghost","floor":16,"turns":8},{"damage":15,"enemies":"2 Thieves","floor":18,"turns":3},{"damage":8,"enemies":"Shell Parasite","floor":19,"turns":5},{"damage":7,"enemies":"Chosen and Byrds","floor":20,"turns":3},{"damage":18,"enemies":"Slavers","floor":24,"turns":2},{"damage":16,"enemies":"Shelled Parasite and Fungi","floor":25,"turns":4},{"damage":0,"enemies":"3 Cultists","floor":27,"turns":2},{"damage":6,"enemies":"Gremlin Leader","floor":29,"turns":5},{"damage":41,"enemies":"Champ","floor":33,"turns":14},{"damage":0,"enemies":"Orb Walker","floor":35,"turns":6},{"damage":0,"enemies":"3 Shapes","floor":37,"turns":2},{"damage":1,"enemies":"Giant Head","floor":41,"turns":9},{"damage":27,"enemies":"Jaw Worm Horde","floor":45,"turns":4},{"damage":14,"enemies":"Reptomancer","floor":47,"turns":7},{"damage":13,"enemies":"Spire Growth","floor":48,"turns":4},{"damage":1,"enemies":"Donu and Deca","floor":50,"turns":6}],"seed_played":"7150179206138677180","potions_obtained":[{"floor":1,"key":"ColorlessPotion"},{"floor":5,"key":"Block Potion"},{"floor":11,"key":"EssenceOfSteel"},{"floor":12,"key":"ColorlessPotion"},{"floor":20,"key":"EntropicBrew"},{"floor":24,"key":"Explosive Potion"},{"floor":29,"key":"Dexterity Potion"},{"floor":33,"key":"Weak Potion"},{"floor":35,"key":"Fire Potion"},{"floor":37,"key":"SkillPotion"},{"floor":45,"key":"FearPotion"},{"floor":48,"key":"PowerPotion"}],"is_trial":false,"path_per_floor":["M","M","?","$","M","R","E","M","T","R","E","M","R","?","R","B",null,"M","M","M","?","?","$","E","M","T","M","R","E","?","$","R","B",null,"M","?","M","?","$","R","E","R","T","R","M","R","E","M","R","B",null],"character_chosen":"DEFECT","items_purchased":["DataDisk","Glacier","Runic Capacitor"],"campfire_rested":4,"item_purchase_floors":[23,23,39],"current_hp_per_floor":[75,75,75,75,75,75,62,53,53,53,45,38,38,38,38,36,75,60,52,45,45,45,45,27,11,11,11,33,27,27,27,49,8,75,75,68,68,68,68,68,67,67,67,67,40,62,48,35,57,56],"gold":144,"neow_bonus":"RANDOM_COLORLESS_2","is_prod":false,"is_daily":false,"chose_seed":false,"campfire_upgraded":7,"win_rate":0,"timestamp":1692092836,"path_taken":["M","M","?","$","M","R","E","?","T","R","E","M","R","?","R","BOSS","M","?","M","?","?","$","E","M","T","M","R","E","?","?","R","BOSS","M","?","?","?","$","R","E","R","T","R","M","R","E","M","R","BOSS"],"build_version":"2022-12-18","purchased_purges":1,"victory":true,"max_hp_per_floor":[75,75,75,75,75,75,75,75,75,75,75,75,75,75,75,75,75,75,75,75,75,75,75,75,75,75,75,75,75,75,75,75,75,75,75,75,75,75,75,75,75,75,75,75,75,75,75,75,75,75],"card_choices":[{"not_picked":["Violence","Transmutation"],"picked":"Secret Technique","floor":0},{"not_picked":["Steam","Rebound"],"picked":"Conserve Battery","floor":1},{"not_picked":["Storm","Gash"],"picked":"Ball Lightning","floor":2},{"not_picked":["Tempest","Recycle","Redo"],"picked":"SKIP","floor":5},{"not_picked":["Steam Power","Heatsinks","Barrage"],"picked":"SKIP","floor":7},{"not_picked":["Stack","Double Energy"],"picked":"Ball Lightning","floor":8},{"not_picked":["Gash","Turbo","Compile Driver"],"picked":"SKIP","floor":11},{"not_picked":["Storm","Conserve Battery","Darkness"],"picked":"SKIP","floor":12},{"not_picked":["Buffer","Rainbow"],"picked":"Electrodynamics","floor":16},{"not_picked":["Sunder+1","Barrage+1"],"picked":"Genetic Algorithm","floor":18},{"not_picked":["Rebound+1","Redo"],"picked":"Stack+1","floor":19},{"not_picked":["Beam Cell","Barrage"],"picked":"Consume+1","floor":20},{"not_picked":["Stack","Reboot"],"picked":"Go for the Eyes","floor":24},{"not_picked":["Gash","Go for the Eyes"],"picked":"Leap+1","floor":25},{"not_picked":["Compile Driver+1","Force Field"],"picked":"Steam+1","floor":27},{"not_picked":["Redo","Recycle","Stack"],"picked":"SKIP","floor":29},{"not_picked":["Core Surge","Rainbow"],"picked":"Machine Learning","floor":33},{"not_picked":["Beam Cell+1","Hologram","Streamline+1"],"picked":"SKIP","floor":35},{"not_picked":["Cold Snap+1","BootSequence"],"picked":"Defragment","floor":37},{"not_picked":["Echo Form","Steam Power+1"],"picked":"Loop+1","floor":41},{"not_picked":["Darkness+1","Streamline","Cold Snap+1"],"picked":"Go for the Eyes+1","floor":45},{"not_picked":["Turbo","Melter","Compile Driver+1","Buffer"],"picked":"SKIP","floor":47},{"not_picked":["Redo","Reinforced Body+1","Conserve Battery","Hello World"],"picked":"SKIP","floor":48}],"player_experience":246583,"relics_obtained":[{"floor":7,"key":"Omamori"},{"floor":9,"key":"Akabeko"},{"floor":11,"key":"Cables"},{"floor":24,"key":"InkBottle"},{"floor":26,"key":"Unceasing Top"},{"floor":29,"key":"CeramicFish"},{"floor":41,"key":"Oddly Smooth Stone"},{"floor":43,"key":"Question Card"},{"floor":47,"key":"Mercury Hourglass"}],"event_choices":[{"damage_healed":0,"gold_gain":0,"player_choice":"Upgraded","damage_taken":0,"max_hp_gain":0,"max_hp_loss":0,"event_name":"Upgrade Shrine","floor":3,"gold_loss":0,"cards_upgraded":["Secret Technique"]},{"damage_healed":0,"gold_gain":0,"player_choice":"Cursed","damage_taken":0,"max_hp_gain":0,"max_hp_loss":0,"event_name":"Wheel of Change","floor":14,"gold_loss":0,"cards_obtained":["Decay"]},{"damage_healed":0,"gold_gain":0,"player_choice":"Ignored","damage_taken":0,"max_hp_gain":0,"max_hp_loss":0,"event_name":"Vampires","floor":21,"gold_loss":0},{"cards_removed":["Creative AI"],"damage_healed":0,"gold_gain":0,"player_choice":"Gave Gold","damage_taken":0,"max_hp_gain":0,"max_hp_loss":0,"event_name":"Beggar","floor":22,"gold_loss":75},{"damage_healed":0,"gold_gain":0,"player_choice":"Simplicity","damage_taken":0,"max_hp_gain":0,"max_hp_loss":0,"event_name":"Back to Basics","floor":30,"gold_loss":0,"cards_upgraded":["Strike_B","Defend_B","Defend_B"]},{"damage_healed":0,"gold_gain":0,"player_choice":"Damaged","damage_taken":7,"max_hp_gain":0,"max_hp_loss":0,"event_name":"Wheel of Change","floor":36,"gold_loss":0},{"damage_healed":0,"gold_gain":0,"player_choice":"Copied","damage_taken":0,"max_hp_gain":0,"max_hp_loss":0,"event_name":"Duplicator","floor":38,"gold_loss":0,"cards_obtained":["Defragment"]}],"is_beta":false,"boss_relics":[{"not_picked":["Ectoplasm","Runic Dome"],"picked":"Astrolabe"},{"not_picked":["Cursed Key","Nuclear Battery"],"picked":"FrozenCore"}],"items_purged_floors":[31],"is_endless":false,"potions_floor_spawned":[1,5,11,12,20,24,29,33,35,37,45,48],"ascension_level":2}