{"gold_per_floor":[114,114,127,142,67,67,95,150,150,150,163,163,163,182,182,305,305,321,341,28,44,62,62,96,116,116,116,132,183,183],"floor_reached":30,"playtime":1233,"items_purged":["Strike_B","Strike_B"],"score":328,"play_id":"b98de61c-8519-45ef-b86f-43ec430700fb","local_time":"20230819183715","is_ascension_mode":true,"campfire_choices":[{"data":"Dualcast","floor":6,"key":"SMITH"},{"floor":12,"key":"REST"},{"floor":15,"key":"REST"},{"floor":23,"key":"REST"},{"data":"Machine Learning","floor":27,"key":"SMITH"}],"neow_cost":"NONE","seed_source_timestamp":925437638735300,"circlet_count":0,"master_deck":["Strike_B+1","Strike_B+1","Defend_B","Defend_B","Defend_B","Defend_B","Zap+1","Dualcast+1","Leap","Lockon","Capacitor","Coolheaded","FTL+1","Machine Learning+1","Coolheaded","Barrage+1","Cold Snap+1","Thinking Ahead","Leap+1","Decay","Parasite"],"relics":["Cracked Core","HornCleat","Tiny Chest","Molten Egg 2","Vajra","Golden Idol","Cursed Key","Nunchaku","Shovel","Juzu Bracelet"],"potions_floor_usage":[8,19],"damage_taken":[{"damage":0,"enemies":"Cultist","floor":1,"turns":3},{"damage":1,"enemies":"2 Louse","floor":3,"turns":2},{"damage":8,"enemies":"Small Slimes","floor":4,"turns":2},{"damage":5,"enemies":"Gremlin Nob","floor":7,"turns":4},{"damage":10,"enemies":"Lagavulin Event","floor":8,"turns":6},{"damage":3,"enemies":"3 Louse","floor":11,"turns":4},{"damage":2,"enemies":"Blue Slaver","floor":14,"turns":2},{"damage":9,"enemies":"The Guardian","floor":16,"turns":11},{"damage":12,"enemies":"Shell Parasite","floor":18,"turns":4},{"damage":1,"enemies":"3 Byrds","floor":19,"turns":3},{"damage":4,"enemies":"Sentry and Sphere","floor":21,"turns":6},{"damage":26,"enemies":"Snake Plant","floor":22,"turns":5},{"damage":8,"enemies":"Gremlin Leader","floor":24,"turns":7},{"damage":0,"enemies":"Snecko","floor":25,"turns":5},{"damage":5,"enemies":"Chosen and Byrds","floor":28,"turns":7},{"damage":28,"enemies":"Cultist and Chosen","floor":30,"turns":4}],"seed_played":"-6171600944994966588","potions_obtained":[{"floor":3,"key":"Block Potion"},{"floor":4,"key":"LiquidBronze"},{"floor":7,"key":"Energy Potion"},{"floor":11,"key":"AttackPotion"},{"floor":18,"key":"CultistPotion"},{"floor":19,"key":"Strength Potion"}],"is_trial":false,"path_per_floor":["M","?","M","M","$","R","E","?","T","?","M","R","?","M","R","B",null,"M","M","$","M","M","R","E","M","T","R","M","T","M"],"character_chosen":"DEFECT","items_purchased":["Cold Snap+1","Thinking Ahead"],"campfire_rested":3,"item_purchase_floors":[20,20],"current_hp_per_floor":[68,50,49,41,41,41,36,26,26,8,5,27,12,10,32,23,62,50,49,49,45,19,41,33,33,33,33,28,28,0],"gold":183,"neow_bonus":"UPGRADE_CARD","is_prod":false,"is_daily":false,"chose_seed":false,"campfire_upgraded":2,"win_rate":0,"timestamp":1692495435,"path_taken":["M","?","M","M","$","R","E","?","T","?","M","R","?","M","R","BOSS","M","M","$","M","M","R","E","M","T","R","M","?","M"],"build_version":"2022-12-18","purchased_purges":2,"victory":false,"max_hp_per_floor":[75,75,75,75,75,75,75,75,75,75,75,75,75,75,75,75,75,75,75,75,75,75,75,75,75,75,75,75,75,75],"card_choices":[{"not_picked":["Turbo","Stack","Doom and Gloom"],"picked":"SKIP","floor":1},{"not_picked":["Heatsinks","Compile Driver","Meteor Strike"],"picked":"SKIP","floor":3},{"not_picked":["Coolheaded","Sweeping Beam"],"picked":"Leap","floor":4},{"not_picked":["FTL","Rebound"],"picked":"Lockon","floor":7},{"not_picked":["Loop","Skim"],"picked":"Capacitor","floor":8},{"not_picked":["Beam Cell+1","Chill"],"picked":"Coolheaded","floor":11},{"not_picked":["Stack","White Noise"],"picked":"FTL+1","floor":14},{"not_picked":["Multi-Cast","Hyperbeam+1"],"picked":"Machine Learning","floor":16},{"not_picked":["Rebound+1","Reprogram+1"],"picked":"Coolheaded","floor":18},{"not_picked":["Static Discharge+1","Undo"],"picked":"Barrage+1","floor":19},{"not_picked":["Compile Driver+1","Redo","Conserve Battery"],"picked":"SKIP","floor":21},{"not_picked":["Rebound+1","Turbo","Coolheaded"],"picked":"SKIP","floor":22},{"not_picked":["All For One+1","White Noise","Melter+1"],"picked":"SKIP","floor":24},{"not_picked":["Streamline+1","Fusion+1"],"picked":"Leap+1","floor":25},{"not_picked":["Cold Snap+1","Tempest","Reprogram"],"picked":"SKIP","floor":28}],"player_experience":310263,"relics_obtained":[{"floor":7,"key":"Tiny Chest"},{"floor":8,"key":"Molten Egg 2"},{"floor":9,"key":"Vajra"},{"floor":24,"key":"Nunchaku"},{"floor":26,"key":"Shovel"},{"floor":29,"key":"Juzu Bracelet"}],"event_choices":[{"damage_healed":0,"gold_gain":0,"player_choice":"Success","damage_taken":18,"relics_obtained":["HornCleat"],"max_hp_gain":0,"max_hp_loss":0,"event_name":"Scrap Ooze","floor":2,"gold_loss":0},{"damage_healed":0,"gold_gain":0,"player_choice":"Searched \u00271\u0027 times","damage_taken":0,"max_hp_gain":0,"max_hp_loss":0,"event_name":"Dead Adventurer","floor":8,"gold_loss":0},{"damage_healed":0,"gold_gain":0,"player_choice":"Take Damage","damage_taken":18,"relics_obtained":["Golden Idol"],"max_hp_gain":0,"max_hp_loss":0,"event_name":"Golden Idol","floor":10,"gold_loss":0},{"damage_healed":0,"gold_gain":0,"player_choice":"Entered Light","damage_taken":15,"max_hp_gain":0,"max_hp_loss":0,"event_name":"Shining Light","floor":13,"gold_loss":0,"cards_upgraded":["Strike_B","Strike_B"]}],"is_beta":false,"boss_relics":[{"not_picked":["Ectoplasm","Black Star"],"picked":"Cursed Key"}],"items_purged_floors":[5,20],"is_endless":false,"potions_floor_spawned":[3,4,7,11,18,19,22,25],"killed_by":"Cultist and Chosen","ascension_level":6}