{"gold_per_floor":[112,112,187,198,198,198,211,240,320,1,1,11,11,40,40,144,144,160,180,279,194,194,194,194],"floor_reached":24,"playtime":920,"items_purged":["Strike_B"],"score":329,"play_id":"ec7186db-2e1f-4087-9054-8632961d9940","local_time":"20230824181538","is_ascension_mode":true,"campfire_choices":[{"data":"Go for the Eyes","floor":6,"key":"SMITH"},{"data":"Zap","floor":11,"key":"SMITH"},{"data":"Leap","floor":13,"key":"SMITH"},{"data":"Auto Shields","floor":15,"key":"SMITH"},{"data":"Self Repair","floor":23,"key":"SMITH"}],"neow_cost":"NONE","seed_source_timestamp":1356466972032300,"circlet_count":0,"master_deck":["Strike_B+1","Defend_B+1","Defend_B+1","Defend_B+1","Defend_B+1","Zap+1","Dualcast","Gash","Go for the Eyes+1","Leap+1","Lockon","Chill","Ball Lightning","Auto Shields+1","Self Repair+1","Core Surge","Go for the Eyes+1","Cold Snap"],"relics":["Cracked Core","Strawberry","Incense Burner","StrikeDummy","Happy Flower","Empty Cage","The Courier"],"potions_floor_usage":[14,14,16],"damage_taken":[{"damage":0,"enemies":"Cultist","floor":1,"turns":3},{"damage":0,"enemies":"Small Slimes","floor":4,"turns":2},{"damage":9,"enemies":"2 Louse","floor":7,"turns":2},{"damage":23,"enemies":"Lagavulin","floor":8,"turns":7},{"damage":4,"enemies":"Blue Slaver","floor":12,"turns":3},{"damage":0,"enemies":"Gremlin Nob","floor":14,"turns":2},{"damage":16,"enemies":"The Guardian","floor":16,"turns":10},{"damage":6,"enemies":"3 Byrds","floor":18,"turns":7},{"damage":13,"enemies":"Spheric Guardian","floor":19,"turns":6},{"damage":72,"enemies":"Gremlin Leader","floor":24,"turns":11}],"seed_played":"-2419697653269612347","potions_obtained":[{"floor":1,"key":"PowerPotion"},{"floor":8,"key":"LiquidBronze"}],"is_trial":false,"path_per_floor":["M","?","?","M","?","R","M","E","T","$","R","M","R","E","R","B",null,"M","M","?","?","?","R","E"],"character_chosen":"DEFECT","items_purchased":["Chill","Ball Lightning","Regen Potion","FocusPotion"],"campfire_rested":0,"item_purchase_floors":[10,10,10,10],"current_hp_per_floor":[68,68,57,57,57,57,48,25,25,25,25,21,21,26,26,17,66,67,61,61,61,61,61,0],"gold":194,"neow_bonus":"THREE_CARDS","is_prod":false,"is_daily":false,"chose_seed":false,"campfire_upgraded":5,"win_rate":0,"timestamp":1692926138,"path_taken":["M","?","?","M","?","R","M","E","T","?","R","M","R","E","R","BOSS","M","M","?","?","?","R","E"],"build_version":"2022-12-18","purchased_purges":1,"victory":false,"max_hp_per_floor":[75,75,75,75,82,82,82,82,82,82,82,82,82,82,82,82,82,82,82,82,82,82,82,82],"card_choices":[{"not_picked":["Chaos","Leap"],"picked":"Gash","floor":0},{"not_picked":["Rebound","Turbo"],"picked":"Go for the Eyes","floor":1},{"not_picked":["Beam Cell","Redo"],"picked":"Leap","floor":4},{"not_picked":["Aggregate","Hologram","Reprogram"],"picked":"SKIP","floor":7},{"not_picked":["Barrage","Rainbow"],"picked":"Lockon","floor":8},{"not_picked":["Sunder","Hologram"],"picked":"Auto Shields","floor":12},{"not_picked":["Chill","Steam Power"],"picked":"Self Repair","floor":14},{"not_picked":["Hyperbeam","All For One"],"picked":"Core Surge","floor":16},{"not_picked":["Stack","Leap"],"picked":"Go for the Eyes+1","floor":18},{"not_picked":["Sweeping Beam+1","Hologram+1"],"picked":"Cold Snap","floor":19}],"player_experience":363216,"relics_obtained":[{"floor":8,"key":"Incense Burner"},{"floor":9,"key":"StrikeDummy"},{"floor":14,"key":"Happy Flower"}],"event_choices":[{"damage_healed":0,"gold_gain":0,"player_choice":"Ignored","damage_taken":0,"max_hp_gain":0,"max_hp_loss":0,"event_name":"Liars Game","floor":2,"gold_loss":0},{"damage_healed":0,"gold_gain":75,"player_choice":"Gather Gold","damage_taken":11,"max_hp_gain":0,"max_hp_loss":0,"event_name":"World of Goop","floor":3,"gold_loss":0},{"damage_healed":0,"gold_gain":0,"player_choice":"Success","damage_taken":7,"relics_obtained":["Strawberry"],"max_hp_gain":0,"max_hp_loss":0,"event_name":"Scrap Ooze","floor":5,"gold_loss":0},{"damage_healed":0,"gold_gain":99,"player_choice":"Stole From Cult","damage_taken":0,"max_hp_gain":0,"max_hp_loss":0,"event_name":"Nest","floor":20,"gold_loss":0},{"damage_healed":0,"gold_gain":0,"player_choice":"Obtained Relic","damage_taken":0,"relics_obtained":["The Courier"],"max_hp_gain":0,"max_hp_loss":0,"event_name":"Addict","floor":21,"gold_loss":85},{"damage_healed":0,"gold_gain":0,"player_choice":"Simplicity","damage_taken":0,"max_hp_gain":0,"max_hp_loss":0,"event_name":"Back to Basics","floor":22,"gold_loss":0,"cards_upgraded":["Strike_B","Defend_B","Defend_B","Defend_B","Defend_B"]}],"is_beta":false,"boss_relics":[{"not_picked":["SlaversCollar","Runic Pyramid"],"picked":"Empty Cage"}],"items_purged_floors":[10],"is_endless":false,"potions_floor_spawned":[1,8],"killed_by":"Gremlin Leader","ascension_level":9}