{"gold_per_floor":[18,18,18,38,62,62,87,118,118,118,159,159,159,195,195,323,323,338,361,13,37,37,80,80,94,120,120,139,182,182,217,217,337,337,362,425,448,467,467,467,510,510,537,572,592,606,621,217,217,217],"floor_reached":51,"playtime":2379,"items_purged":["Strike_B","Strike_B"],"score":1013,"play_id":"4358d85c-a562-40ca-96e6-d895393afa64","local_time":"20230819020926","is_ascension_mode":true,"campfire_choices":[{"data":"Zap","floor":6,"key":"SMITH"},{"data":"Consume","floor":10,"key":"SMITH"},{"data":"Go for the Eyes","floor":12,"key":"SMITH"},{"data":"Steam","floor":15,"key":"SMITH"},{"floor":24,"key":"REST"},{"floor":30,"key":"REST"},{"data":"Biased Cognition","floor":32,"key":"SMITH"},{"data":"Coolheaded","floor":40,"key":"SMITH"},{"data":"Machine Learning","floor":42,"key":"SMITH"},{"floor":49,"key":"REST"}],"neow_cost":"NO_GOLD","seed_source_timestamp":865015086881000,"circlet_count":0,"master_deck":["Defend_B","Defend_B","Defend_B","Defend_B","Zap+1","Dualcast","Cold Snap","Ball Lightning","Consume+1","Go for the Eyes+1","Steam+1","Cold Snap","Reboot","Loop","Leap","Zap+1","Leap+1","FTL","Loop","Go for the Eyes","Doom and Gloom","Coolheaded+1","Steam+1","Biased Cognition+1","Machine Learning+1","Ball Lightning","White Noise+1","Machine Learning+1","Ball Lightning+1","Glacier+1"],"relics":["Cracked Core","Golden Idol","Odd Mushroom","Kunai","Ornamental Fan","Question Card","Pear","Runic Dome","DollysMirror","StrikeDummy","DataDisk","Sundial","Cables","SlaversCollar","Ice Cream","HornCleat","Orichalcum","Oddly Smooth Stone","OrangePellets","Dream Catcher"],"potions_floor_usage":[8,11,14,23,23,50,50],"damage_taken":[{"damage":4,"enemies":"Small Slimes","floor":1,"turns":3},{"damage":0,"enemies":"Jaw Worm","floor":4,"turns":3},{"damage":0,"enemies":"2 Louse","floor":5,"turns":2},{"damage":9,"enemies":"2 Fungi Beasts","floor":7,"turns":3},{"damage":7,"enemies":"The Mushroom Lair","floor":8,"turns":4},{"damage":12,"enemies":"Lagavulin","floor":11,"turns":6},{"damage":13,"enemies":"Gremlin Nob","floor":14,"turns":3},{"damage":24,"enemies":"Hexaghost","floor":16,"turns":12},{"damage":2,"enemies":"Spheric Guardian","floor":18,"turns":3},{"damage":13,"enemies":"3 Byrds","floor":19,"turns":4},{"damage":16,"enemies":"Centurion and Healer","floor":21,"turns":8},{"damage":39,"enemies":"Slavers","floor":23,"turns":5},{"damage":7,"enemies":"Chosen and Byrds","floor":25,"turns":5},{"damage":0,"enemies":"Snake Plant","floor":28,"turns":5},{"damage":11,"enemies":"Gremlin Leader","floor":29,"turns":7},{"damage":2,"enemies":"Book of Stabbing","floor":31,"turns":5},{"damage":1,"enemies":"Champ","floor":33,"turns":13},{"damage":0,"enemies":"3 Shapes","floor":35,"turns":3},{"damage":0,"enemies":"Mind Bloom Boss Battle","floor":36,"turns":8},{"damage":0,"enemies":"Orb Walker","floor":37,"turns":3},{"damage":7,"enemies":"Writhing Mass","floor":38,"turns":4},{"damage":17,"enemies":"Reptomancer","floor":41,"turns":6},{"damage":3,"enemies":"Nemesis","floor":44,"turns":5},{"damage":2,"enemies":"Sphere and 2 Shapes","floor":45,"turns":3},{"damage":12,"enemies":"Maw","floor":46,"turns":6},{"damage":12,"enemies":"Spire Growth","floor":47,"turns":4},{"damage":38,"enemies":"Time Eater","floor":50,"turns":11}],"seed_played":"-425880948912249930","potions_obtained":[{"floor":1,"key":"BlessingOfTheForge"},{"floor":8,"key":"SkillPotion"},{"floor":11,"key":"LiquidMemories"},{"floor":18,"key":"SteroidPotion"},{"floor":21,"key":"EssenceOfSteel"},{"floor":25,"key":"FearPotion"},{"floor":29,"key":"Weak Potion"},{"floor":31,"key":"FocusPotion"},{"floor":33,"key":"EssenceOfSteel"},{"floor":35,"key":"FairyPotion"}],"is_trial":false,"path_per_floor":["M","?","?","M","M","R","M","?","T","R","E","R","T","E","R","B",null,"M","M","$","M","?","E","R","M","T","?","M","E","R","E","R","B",null,"M","?","M","M","?","R","E","R","T","E","M","M","M","$","R","B",null],"character_chosen":"DEFECT","items_purchased":["PotionOfCapacity","Leap","DollysMirror","OrangePellets","Dream Catcher"],"campfire_rested":3,"item_purchase_floors":[20,20,20,48,48],"current_hp_per_floor":[85,63,68,68,68,68,59,52,52,52,40,40,40,37,37,13,81,79,66,66,50,50,11,42,35,35,35,35,24,55,53,53,52,91,91,91,91,84,84,84,67,67,67,64,62,50,38,38,69,31],"gold":217,"neow_bonus":"TWENTY_PERCENT_HP_BONUS","is_prod":false,"is_daily":false,"chose_seed":false,"campfire_upgraded":7,"win_rate":0,"timestamp":1692436166,"path_taken":["M","?","?","M","M","R","M","?","T","R","E","R","?","E","R","BOSS","M","M","$","M","?","E","R","M","T","?","M","E","R","E","R","BOSS","M","?","M","M","?","R","E","R","T","E","?","M","M","$","R","BOSS"],"build_version":"2022-12-18","purchased_purges":2,"victory":true,"max_hp_per_floor":[89,89,94,94,94,94,94,94,94,94,94,94,94,104,104,104,104,104,104,104,104,104,104,104,104,104,104,104,104,104,104,104,104,104,104,104,104,104,104,104,104,104,104,104,104,104,104,104,104,104],"card_choices":[{"not_picked":["Heatsinks","Sweeping Beam"],"picked":"Cold Snap","floor":1},{"not_picked":["Rebound","Double Energy"],"picked":"Ball Lightning","floor":4},{"not_picked":["Gash","Heatsinks"],"picked":"Consume","floor":5},{"not_picked":["Scrape","Hologram","Compile Driver"],"picked":"SKIP","floor":7},{"not_picked":["Coolheaded","Turbo"],"picked":"Go for the Eyes","floor":8},{"not_picked":["Rainbow","Barrage"],"picked":"Steam","floor":11},{"not_picked":["Blizzard","Hello World","Coolheaded"],"picked":"Cold Snap","floor":14},{"not_picked":["Meteor Strike","Rainbow","Hyperbeam"],"picked":"Reboot","floor":16},{"not_picked":["Aggregate","Streamline","Heatsinks","Rebound+1"],"picked":"SKIP","floor":18},{"not_picked":["Coolheaded","Conserve Battery+1","Streamline"],"picked":"Loop","floor":19},{"not_picked":["Coolheaded","Compile Driver+1","Creative AI"],"picked":"Leap+1","floor":21},{"not_picked":["Rebound","Streamline+1","Beam Cell+1"],"picked":"Loop","floor":23},{"not_picked":["Leap","Cold Snap","Hologram"],"picked":"Go for the Eyes","floor":25},{"not_picked":["Heatsinks","Gash","Conserve Battery"],"picked":"Steam+1","floor":28},{"not_picked":["FTL","Glacier","Cold Snap"],"picked":"Biased Cognition","floor":29},{"not_picked":["Conserve Battery+1","White Noise","Compile Driver","Go for the Eyes"],"picked":"SKIP","floor":31},{"not_picked":["All For One","Hyperbeam","Seek"],"picked":"Machine Learning","floor":33},{"not_picked":["Undo+1","Stack","Turbo","Compile Driver+1"],"picked":"SKIP","floor":35},{"not_picked":["Barrage","Tempest","Sweeping Beam"],"picked":"Ball Lightning","floor":36},{"not_picked":["Rebound","Streamline+1","Storm+1"],"picked":"White Noise+1","floor":37},{"not_picked":["Genetic Algorithm+1","Blizzard+1","Compile Driver+1","Sweeping Beam"],"picked":"SKIP","floor":38},{"not_picked":["Reinforced Body+1","Genetic Algorithm+1","BootSequence"],"picked":"Machine Learning","floor":41},{"not_picked":["Auto Shields+1","Go for the Eyes","Genetic Algorithm+1"],"picked":"Ball Lightning+1","floor":44},{"not_picked":["Gash+1","Compile Driver+1","Recycle"],"picked":"Glacier+1","floor":45},{"not_picked":["Self Repair+1","Barrage+1","Sweeping Beam+1","Steam"],"picked":"SKIP","floor":46},{"not_picked":["Turbo","Gash+1","Cold Snap","Beam Cell+1"],"picked":"SKIP","floor":47}],"player_experience":295693,"relics_obtained":[{"floor":8,"key":"Odd Mushroom"},{"floor":9,"key":"Kunai"},{"floor":11,"key":"Ornamental Fan"},{"floor":13,"key":"Question Card"},{"floor":14,"key":"Pear"},{"floor":23,"key":"StrikeDummy"},{"floor":26,"key":"DataDisk"},{"floor":29,"key":"Sundial"},{"floor":31,"key":"Cables"},{"floor":36,"key":"Ice Cream"},{"floor":41,"key":"HornCleat"},{"floor":43,"key":"Orichalcum"},{"floor":44,"key":"Oddly Smooth Stone"}],"event_choices":[{"damage_healed":0,"gold_gain":0,"player_choice":"Take Damage","damage_taken":22,"relics_obtained":["Golden Idol"],"max_hp_gain":0,"max_hp_loss":0,"event_name":"Golden Idol","floor":2,"gold_loss":0},{"damage_healed":0,"gold_gain":0,"player_choice":"Donut","damage_taken":0,"max_hp_gain":5,"max_hp_loss":0,"event_name":"Big Fish","floor":3,"gold_loss":0},{"damage_healed":0,"gold_gain":0,"player_choice":"Fought Mushrooms","damage_taken":0,"max_hp_gain":0,"max_hp_loss":0,"event_name":"Mushrooms","floor":8,"gold_loss":0},{"damage_healed":0,"gold_gain":0,"player_choice":"Read","damage_taken":0,"max_hp_gain":0,"max_hp_loss":0,"event_name":"The Library","floor":22,"gold_loss":0,"cards_obtained":["FTL"]},{"damage_healed":0,"gold_gain":0,"cards_transformed":["Strike_B","Strike_B"],"player_choice":"Became Test Subject","damage_taken":0,"max_hp_gain":0,"max_hp_loss":0,"event_name":"Drug Dealer","floor":27,"gold_loss":0,"cards_obtained":["Doom and Gloom","Coolheaded"]},{"damage_healed":0,"gold_gain":0,"player_choice":"Fight","damage_taken":0,"max_hp_gain":0,"max_hp_loss":0,"event_name":"MindBloom","floor":36,"gold_loss":0},{"damage_healed":0,"gold_gain":0,"player_choice":"Forge","damage_taken":0,"max_hp_gain":0,"max_hp_loss":0,"event_name":"Accursed Blacksmith","floor":39,"gold_loss":0,"cards_upgraded":["Machine Learning"]}],"is_beta":false,"boss_relics":[{"not_picked":["Fusion Hammer","Snecko Eye"],"picked":"Runic Dome"},{"not_picked":["Black Star","Runic Pyramid"],"picked":"SlaversCollar"}],"items_purged_floors":[20,48],"is_endless":false,"potions_floor_spawned":[1,8,11,18,21,25,29,31,33,35,36,44,45,46,47],"ascension_level":5}