{"gold_per_floor":[369,444,460,470,98,98,98,117,117,117,152,163,163,338,338,434,434,445,445],"floor_reached":19,"playtime":575,"items_purged":["Reprogram"],"score":242,"play_id":"9bc1f203-14da-4729-a9fd-3204491661eb","local_time":"20230823233223","is_ascension_mode":true,"campfire_choices":[{"data":"Dualcast","floor":7,"key":"SMITH"},{"data":"Self Repair","floor":10,"key":"SMITH"},{"floor":13,"key":"REST"},{"data":"Biased Cognition","floor":15,"key":"SMITH"}],"neow_cost":"PERCENT_DAMAGE","seed_source_timestamp":1289416983993500,"circlet_count":0,"master_deck":["Strike_B","Strike_B","Strike_B","Strike_B","Defend_B","Defend_B","Defend_B","Defend_B","Zap+1","Dualcast+1","Steam","Ball Lightning","Coolheaded","Self Repair+1","FTL","Biased Cognition+1","Ball Lightning","Doubt","Fission","Coolheaded"],"relics":["Cracked Core","Runic Capacitor","Mummified Hand","The Courier","Black Star"],"potions_floor_usage":[11,19],"damage_taken":[{"damage":2,"enemies":"2 Louse","floor":1,"turns":3},{"damage":10,"enemies":"Small Slimes","floor":3,"turns":4},{"damage":0,"enemies":"Cultist","floor":4,"turns":2},{"damage":12,"enemies":"Large Slime","floor":8,"turns":5},{"damage":8,"enemies":"3 Sentries","floor":11,"turns":6},{"damage":3,"enemies":"Looter","floor":12,"turns":2},{"damage":29,"enemies":"Slime Boss","floor":16,"turns":8},{"damage":33,"enemies":"2 Thieves","floor":18,"turns":3},{"damage":42,"enemies":"Masked Bandits","floor":19,"turns":3}],"seed_played":"7436679534659560957","potions_obtained":[{"floor":4,"key":"Fire Potion"},{"floor":8,"key":"Weak Potion"},{"floor":16,"key":"SpeedPotion"}],"is_trial":false,"path_per_floor":["M","?","M","M","$","?","R","M","T","R","E","M","R","?","R","B",null,"M","?"],"character_chosen":"DEFECT","items_purchased":["Self Repair","Runic Capacitor","Reprogram"],"campfire_rested":1,"item_purchase_floors":[5,5,5],"current_hp_per_floor":[48,37,27,27,27,27,27,22,22,22,24,31,53,53,53,34,65,42,0],"gold":445,"neow_bonus":"TWO_FIFTY_GOLD","is_prod":false,"is_daily":false,"chose_seed":false,"campfire_upgraded":3,"win_rate":0,"timestamp":1692858743,"path_taken":["M","?","M","M","$","?","R","?","T","R","E","M","R","?","R","BOSS","M","?"],"build_version":"2022-12-18","purchased_purges":1,"victory":false,"max_hp_per_floor":[75,75,75,75,75,75,75,75,75,75,75,75,75,75,75,75,75,75,75],"card_choices":[{"not_picked":["Static Discharge","Undo"],"picked":"Steam","floor":1},{"not_picked":["Streamline","Rebound"],"picked":"Ball Lightning","floor":3},{"not_picked":["Barrage","Sweeping Beam"],"picked":"Coolheaded","floor":4},{"not_picked":["Darkness","Leap"],"picked":"FTL","floor":8},{"not_picked":["Barrage","Lockon"],"picked":"Biased Cognition","floor":11},{"not_picked":["Steam Power","Redo"],"picked":"Ball Lightning","floor":12},{"not_picked":["Thunder Strike","All For One"],"picked":"Fission","floor":16},{"not_picked":["Genetic Algorithm","Streamline"],"picked":"Coolheaded","floor":18}],"player_experience":362641,"relics_obtained":[{"floor":9,"key":"Mummified Hand"},{"floor":11,"key":"The Courier"}],"event_choices":[{"damage_healed":0,"gold_gain":75,"player_choice":"Gather Gold","damage_taken":11,"max_hp_gain":0,"max_hp_loss":0,"event_name":"World of Goop","floor":2,"gold_loss":0},{"damage_healed":0,"gold_gain":0,"player_choice":"Upgraded","damage_taken":0,"max_hp_gain":0,"max_hp_loss":0,"event_name":"Upgrade Shrine","floor":6,"gold_loss":0,"cards_upgraded":["Zap"]},{"damage_healed":0,"gold_gain":175,"player_choice":"AGREE","damage_taken":0,"max_hp_gain":0,"max_hp_loss":0,"event_name":"Liars Game","floor":14,"gold_loss":0,"cards_obtained":["Doubt"]},{"damage_healed":0,"gold_gain":0,"player_choice":"Fought Bandits","damage_taken":0,"max_hp_gain":0,"max_hp_loss":0,"event_name":"Masked Bandits","floor":19,"gold_loss":0}],"is_beta":false,"boss_relics":[{"not_picked":["Sozu","Snecko Eye"],"picked":"Black Star"}],"items_purged_floors":[5],"is_endless":false,"potions_floor_spawned":[4,8,16],"killed_by":"Masked Bandits","ascension_level":9}