{"gold_per_floor":[115,115,126,144,163,163,338,338,384,398,93,43,77,97,97,195,195,208,108,121,121,134,160,160,193,193,208,208,208,8,18,18,123,123,142,162,173,273,44,44,44,61,61,61,71,100,20,20,20,20],"floor_reached":51,"playtime":1916,"items_purged":["Doubt","Strike_B","Strike_B","Strike_B"],"score":950,"play_id":"28af5a32-3921-4b82-8c8b-fd48d6842ee3","local_time":"20230819224044","is_ascension_mode":true,"campfire_choices":[{"data":"Conserve Battery","floor":6,"key":"SMITH"},{"data":"Steam","floor":8,"key":"SMITH"},{"data":"Defragment","floor":15,"key":"SMITH"},{"data":"Go for the Eyes","floor":24,"key":"SMITH"},{"data":"Dualcast","floor":29,"key":"SMITH"},{"data":"Loop","floor":32,"key":"SMITH"},{"floor":40,"key":"REST"},{"data":"Capacitor","floor":44,"key":"SMITH"},{"data":"Lockon","floor":49,"key":"SMITH"}],"neow_cost":"NONE","seed_source_timestamp":939348426966600,"circlet_count":0,"master_deck":["Defend_B","Defend_B","Defend_B","Defend_B","Zap+1","Dualcast+1","Steam+1","Go for the Eyes+1","Conserve Battery+1","Defragment+1","Electrodynamics","Cold Snap","Steam","Cold Snap","Ball Lightning","FTL","Loop+1","Core Surge","Ball Lightning+1","Redo+1","Capacitor+1","Rainbow","Steam","Leap+1","Lockon+1","Sadistic Nature"],"relics":["Cracked Core","Akabeko","Bronze Scales","Oddly Smooth Stone","Runic Pyramid","InkBottle","Regal Pillow","Mummified Hand","SlaversCollar","Eternal Feather","Happy Flower"],"potions_floor_usage":[33,50,50,50],"damage_taken":[{"damage":5,"enemies":"Small Slimes","floor":1,"turns":3},{"damage":0,"enemies":"Cultist","floor":3,"turns":4},{"damage":10,"enemies":"2 Louse","floor":4,"turns":2},{"damage":3,"enemies":"Blue Slaver","floor":5,"turns":3},{"damage":0,"enemies":"Large Slime","floor":10,"turns":4},{"damage":10,"enemies":"3 Sentries","floor":13,"turns":7},{"damage":1,"enemies":"Exordium Wildlife","floor":14,"turns":4},{"damage":17,"enemies":"Slime Boss","floor":16,"turns":4},{"damage":10,"enemies":"2 Thieves","floor":18,"turns":3},{"damage":4,"enemies":"Spheric Guardian","floor":20,"turns":4},{"damage":0,"enemies":"Cultist and Chosen","floor":22,"turns":5},{"damage":5,"enemies":"Book of Stabbing","floor":23,"turns":5},{"damage":10,"enemies":"Gremlin Leader","floor":25,"turns":4},{"damage":7,"enemies":"Snake Plant","floor":27,"turns":3},{"damage":5,"enemies":"3 Cultists","floor":31,"turns":4},{"damage":8,"enemies":"Collector","floor":33,"turns":8},{"damage":6,"enemies":"Orb Walker","floor":35,"turns":4},{"damage":16,"enemies":"3 Darklings","floor":36,"turns":3},{"damage":66,"enemies":"Writhing Mass","floor":37,"turns":5},{"damage":14,"enemies":"4 Shapes","floor":42,"turns":2},{"damage":0,"enemies":"Sphere and 2 Shapes","floor":45,"turns":3},{"damage":0,"enemies":"Giant Head","floor":46,"turns":9},{"damage":71,"enemies":"Donu and Deca","floor":50,"turns":9}],"seed_played":"-6388794573010178820","potions_obtained":[{"floor":3,"key":"SpeedPotion"},{"floor":4,"key":"Dexterity Potion"},{"floor":14,"key":"SneckoOil"},{"floor":16,"key":"DistilledChaos"},{"floor":20,"key":"EssenceOfDarkness"},{"floor":25,"key":"FairyPotion"},{"floor":28,"key":"PotionOfCapacity"},{"floor":37,"key":"SpeedPotion"},{"floor":42,"key":"Regen Potion"}],"is_trial":false,"path_per_floor":["M","?","M","M","M","R","?","R","T","M","$","?","E","M","R","B",null,"M","$","M","?","M","E","R","E","T","M","?","R","$","M","R","B",null,"M","M","M","?","$","R","?","M","T","R","M","E","$","?","R","B",null],"character_chosen":"DEFECT","items_purchased":["Defragment","Bronze Scales","Loop","Capacitor","Lockon"],"campfire_rested":1,"item_purchase_floors":[11,11,30,39,47],"current_hp_per_floor":[63,63,63,53,50,50,50,50,50,50,50,50,40,39,39,22,62,52,52,48,48,48,43,43,33,33,26,26,26,26,21,21,13,60,54,38,22,22,22,59,59,45,45,57,57,57,57,57,72,14],"gold":20,"neow_bonus":"UPGRADE_CARD","is_prod":false,"is_daily":false,"chose_seed":false,"campfire_upgraded":8,"win_rate":0,"timestamp":1692510044,"path_taken":["M","?","M","M","?","R","?","R","T","M","$","?","E","M","R","BOSS","M","$","M","?","M","E","R","E","T","M","?","R","$","?","R","BOSS","M","M","M","?","?","R","?","?","T","R","M","E","$","?","R","BOSS"],"build_version":"2022-12-18","purchased_purges":4,"victory":true,"max_hp_per_floor":[75,75,75,75,75,75,75,75,75,75,75,75,75,75,75,75,75,75,75,75,75,75,75,75,75,75,75,75,75,75,75,75,75,75,75,75,75,75,75,75,75,75,75,75,75,75,75,75,75,75],"card_choices":[{"not_picked":["Compile Driver","Sweeping Beam"],"picked":"Darkness","floor":1},{"not_picked":["Barrage","Redo"],"picked":"Steam","floor":3},{"not_picked":["Steam","Turbo"],"picked":"Go for the Eyes","floor":4},{"not_picked":["Creative AI","Blizzard"],"picked":"Conserve Battery","floor":5},{"not_picked":["Sweeping Beam","Steam Power","Rebound"],"picked":"SKIP","floor":10},{"not_picked":["Barrage","Rainbow","Static Discharge"],"picked":"SKIP","floor":13},{"not_picked":["Scrape","Steam","Melter"],"picked":"SKIP","floor":14},{"not_picked":["Fission","Meteor Strike"],"picked":"Electrodynamics","floor":16},{"not_picked":["Sweeping Beam","Ball Lightning+1"],"picked":"Cold Snap","floor":18},{"not_picked":["Streamline","Turbo"],"picked":"Steam","floor":20},{"not_picked":["Hologram+1","Turbo+1"],"picked":"Cold Snap","floor":22},{"not_picked":["Heatsinks","Go for the Eyes"],"picked":"Ball Lightning","floor":23},{"not_picked":["Turbo","Skim","Fusion"],"picked":"SKIP","floor":25},{"not_picked":["Go for the Eyes","Beam Cell"],"picked":"FTL","floor":27},{"not_picked":["Hologram","Sunder","Hello World"],"picked":"SKIP","floor":31},{"not_picked":["Thunder Strike","Creative AI"],"picked":"Core Surge","floor":33},{"not_picked":["Streamline","Gash+1","Turbo+1"],"picked":"SKIP","floor":35},{"not_picked":["Redo","Compile Driver"],"picked":"Ball Lightning+1","floor":36},{"not_picked":["Streamline+1","Doom and Gloom"],"picked":"Redo+1","floor":37},{"not_picked":["Compile Driver","Turbo"],"picked":"Steam","floor":42},{"not_picked":["Conserve Battery","Gash+1"],"picked":"Leap+1","floor":45},{"not_picked":["Beam Cell","Buffer","Hologram+1"],"picked":"SKIP","floor":46},{"not_picked":["Purity","Forethought"],"picked":"Sadistic Nature","floor":48}],"player_experience":312371,"relics_obtained":[{"floor":9,"key":"Akabeko"},{"floor":13,"key":"Oddly Smooth Stone"},{"floor":23,"key":"InkBottle"},{"floor":25,"key":"Regal Pillow"},{"floor":26,"key":"Mummified Hand"},{"floor":43,"key":"Eternal Feather"},{"floor":46,"key":"Happy Flower"}],"event_choices":[{"damage_healed":0,"gold_gain":0,"player_choice":"Upgraded","damage_taken":0,"max_hp_gain":0,"max_hp_loss":0,"event_name":"Upgrade Shrine","floor":2,"gold_loss":0,"cards_upgraded":["Darkness"]},{"damage_healed":0,"gold_gain":175,"player_choice":"AGREE","damage_taken":0,"max_hp_gain":0,"max_hp_loss":0,"event_name":"Liars Game","floor":7,"gold_loss":0,"cards_obtained":["Doubt"]},{"cards_removed":["Strike_B"],"damage_healed":0,"gold_gain":0,"player_choice":"Card Removal","damage_taken":0,"max_hp_gain":0,"max_hp_loss":0,"event_name":"The Cleric","floor":12,"gold_loss":50},{"damage_healed":0,"gold_gain":0,"player_choice":"Ignored","damage_taken":0,"max_hp_gain":0,"max_hp_loss":0,"event_name":"The Mausoleum","floor":21,"gold_loss":0},{"damage_healed":0,"gold_gain":0,"player_choice":"Got Potions","damage_taken":0,"max_hp_gain":0,"max_hp_loss":0,"event_name":"Lab","floor":28,"gold_loss":0},{"damage_healed":0,"gold_gain":100,"player_choice":"Pray","damage_taken":0,"max_hp_gain":0,"max_hp_loss":0,"event_name":"Golden Shrine","floor":38,"gold_loss":0},{"damage_healed":0,"gold_gain":0,"cards_transformed":["Darkness"],"player_choice":"Transformed","damage_taken":0,"max_hp_gain":0,"max_hp_loss":0,"event_name":"Transmorgrifier","floor":41,"gold_loss":0,"cards_obtained":["Rainbow"]},{"damage_healed":0,"gold_gain":0,"player_choice":"Memory 1","damage_taken":0,"max_hp_gain":0,"max_hp_loss":0,"event_name":"SensoryStone","floor":48,"gold_loss":0}],"is_beta":false,"boss_relics":[{"not_picked":["Runic Dome","Coffee Dripper"],"picked":"Runic Pyramid"},{"not_picked":["Snecko Eye","FrozenCore"],"picked":"SlaversCollar"}],"items_purged_floors":[11,19,30,39],"is_endless":false,"potions_floor_spawned":[3,4,14,16,20,22,25,37,42],"ascension_level":6}