{"gold_per_floor":[112,122,47,47,66,66,78,92,140,64,74,86,86,104,104,205,205,223,237,255,180,194,194,194,194,194,469,64,64,77,106,106,205,255,274,274,274,274,274,274,286,286,361,394,406,134,154,76,76,76],"floor_reached":51,"playtime":3720,"items_purged":["Strike_B","Strike_B","Defend_B"],"score":863,"play_id":"55550b22-5fc6-4ce1-88fe-2cc931998bc6","local_time":"20230820214120","is_ascension_mode":true,"campfire_choices":[{"data":"Go for the Eyes","floor":6,"key":"SMITH"},{"data":"Go for the Eyes","floor":13,"key":"SMITH"},{"data":"Lockon","floor":15,"key":"SMITH"},{"data":"Biased Cognition","floor":23,"key":"SMITH"},{"data":"Auto Shields","floor":25,"key":"SMITH"},{"floor":29,"key":"REST"},{"floor":32,"key":"REST"},{"data":"Defragment","floor":40,"key":"SMITH"},{"data":"Defragment","floor":42,"key":"SMITH"},{"data":"Chaos","floor":49,"key":"SMITH"}],"neow_cost":"NONE","seed_source_timestamp":1020384533147700,"circlet_count":0,"master_deck":["Defend_B","Defend_B","Defend_B+1","Zap+1","Dualcast","Go for the Eyes+1","Rebound","Auto Shields+1","Coolheaded","Self Repair","Capacitor","Go for the Eyes+1","Lockon+1","Reboot","Cold Snap+1","Barrage","FTL+1","Biased Cognition+1","Defragment+1","Steam+1","Chaos+1","Defragment+1","Machine Learning","Scrape+1","Static Discharge"],"relics":["Cracked Core","Omamori","Inserter","HornCleat","Lantern","Meat on the Bone","Tiny House","Cables","Oddly Smooth Stone","Runic Capacitor"],"potions_floor_usage":[19,31,31,33,50,50,50],"damage_taken":[{"damage":0,"enemies":"Cultist","floor":1,"turns":3},{"damage":0,"enemies":"2 Louse","floor":2,"turns":2},{"damage":2,"enemies":"Small Slimes","floor":5,"turns":3},{"damage":1,"enemies":"2 Fungi Beasts","floor":7,"turns":4},{"damage":9,"enemies":"Lots of Slimes","floor":8,"turns":6},{"damage":16,"enemies":"Exordium Wildlife","floor":11,"turns":5},{"damage":1,"enemies":"Looter","floor":12,"turns":3},{"damage":2,"enemies":"3 Louse","floor":14,"turns":3},{"damage":14,"enemies":"The Guardian","floor":16,"turns":14},{"damage":7,"enemies":"Chosen","floor":18,"turns":4},{"damage":3,"enemies":"3 Byrds","floor":19,"turns":7},{"damage":25,"enemies":"Snake Plant","floor":20,"turns":5},{"damage":20,"enemies":"3 Cultists","floor":22,"turns":8},{"damage":39,"enemies":"Snecko","floor":30,"turns":5},{"damage":5,"enemies":"Book of Stabbing","floor":31,"turns":8},{"damage":42,"enemies":"Automaton","floor":33,"turns":12},{"damage":3,"enemies":"Orb Walker","floor":35,"turns":4},{"damage":7,"enemies":"3 Shapes","floor":41,"turns":5},{"damage":46,"enemies":"Giant Head","floor":44,"turns":10},{"damage":16,"enemies":"Spire Growth","floor":45,"turns":5},{"damage":2,"enemies":"Maw","floor":47,"turns":6},{"damage":45,"enemies":"Awakened One","floor":50,"turns":9}],"seed_played":"4501827286271351080","potions_obtained":[{"floor":5,"key":"Weak Potion"},{"floor":12,"key":"Strength Potion"},{"floor":14,"key":"Dexterity Potion"},{"floor":16,"key":"Explosive Potion"},{"floor":19,"key":"DuplicationPotion"},{"floor":31,"key":"LiquidMemories"},{"floor":34,"key":"LiquidBronze"},{"floor":45,"key":"LiquidMemories"}],"is_trial":false,"path_per_floor":["M","M","$","?","M","R","M","M","T","$","M","M","R","M","R","B",null,"M","M","M","?","M","R","?","R","T","?","$","R","M","E","R","B",null,"M","?","$","?","?","R","M","R","T","E","M","$","M","$","R","B",null],"character_chosen":"DEFECT","items_purchased":["Capacitor","Defragment","Lantern","Regen Potion","Runic Capacitor","Static Discharge"],"campfire_rested":2,"item_purchase_floors":[10,28,28,28,46,48],"current_hp_per_floor":[68,68,68,68,66,66,65,56,56,56,47,46,46,51,51,44,67,67,71,53,53,33,33,19,19,19,19,19,43,11,28,52,29,72,69,69,69,69,85,85,85,85,85,58,61,61,66,66,66,40],"gold":76,"neow_bonus":"UPGRADE_CARD","is_prod":false,"is_daily":false,"chose_seed":false,"campfire_upgraded":8,"win_rate":0,"timestamp":1692592880,"path_taken":["M","?","$","?","M","R","M","M","T","$","M","?","R","M","R","BOSS","M","M","M","?","M","R","?","R","T","?","$","R","?","E","R","BOSS","M","?","$","?","?","R","M","R","T","E","M","$","M","?","R","BOSS"],"build_version":"2022-12-18","purchased_purges":3,"victory":true,"max_hp_per_floor":[75,75,75,75,75,75,75,75,75,75,75,75,75,75,75,75,75,75,75,75,75,75,75,80,80,80,80,80,80,80,80,80,80,85,85,85,85,85,85,85,85,85,85,85,85,85,85,85,85,85],"card_choices":[{"not_picked":["Turbo","Gash"],"picked":"Go for the Eyes","floor":1},{"not_picked":["Rip and Tear","White Noise","Turbo"],"picked":"SKIP","floor":2},{"not_picked":["Redo","Leap"],"picked":"Auto Shields","floor":5},{"not_picked":["Steam Power","Rebound"],"picked":"Coolheaded","floor":7},{"not_picked":["Auto Shields","Leap"],"picked":"Self Repair","floor":8},{"not_picked":["Hologram","Streamline"],"picked":"Go for the Eyes","floor":11},{"not_picked":["Beam Cell","Compile Driver","Melter"],"picked":"SKIP","floor":12},{"not_picked":["Compile Driver","Leap"],"picked":"Lockon","floor":14},{"not_picked":["Buffer","Fission"],"picked":"Reboot","floor":16},{"not_picked":["Compile Driver","Hologram+1"],"picked":"Cold Snap+1","floor":18},{"not_picked":["Reinforced Body","Sweeping Beam+1"],"picked":"Barrage","floor":19},{"not_picked":["Sunder","Streamline+1"],"picked":"FTL+1","floor":20},{"not_picked":["Genetic Algorithm","Compile Driver+1"],"picked":"Biased Cognition","floor":22},{"not_picked":["Compile Driver+1","Streamline","Stack"],"picked":"SKIP","floor":30},{"not_picked":["Cold Snap","Conserve Battery"],"picked":"Steam+1","floor":31},{"not_picked":["Turbo","Stack"],"picked":"Chaos","floor":35},{"not_picked":["Sunder","Glacier"],"picked":"Defragment","floor":41},{"not_picked":["Coolheaded+1","Fission"],"picked":"Machine Learning","floor":44},{"not_picked":["Rebound","Turbo","Force Field"],"picked":"SKIP","floor":45},{"not_picked":["Streamline","Conserve Battery+1"],"picked":"Scrape+1","floor":47}],"player_experience":334089,"relics_obtained":[{"floor":9,"key":"Omamori"},{"floor":26,"key":"HornCleat"},{"floor":31,"key":"Meat on the Bone"},{"floor":43,"key":"Cables"},{"floor":44,"key":"Oddly Smooth Stone"}],"event_choices":[{"damage_healed":0,"gold_gain":0,"cards_transformed":["Strike_B"],"player_choice":"Transformed","damage_taken":0,"max_hp_gain":0,"max_hp_loss":0,"event_name":"Transmorgrifier","floor":4,"gold_loss":0,"cards_obtained":["Rebound"]},{"cards_removed":["Strike_B"],"damage_healed":0,"gold_gain":0,"player_choice":"Gave Gold","damage_taken":0,"max_hp_gain":0,"max_hp_loss":0,"event_name":"Beggar","floor":21,"gold_loss":75},{"damage_healed":0,"gold_gain":0,"player_choice":"Shed Blood","damage_taken":19,"max_hp_gain":5,"max_hp_loss":0,"event_name":"Forgotten Altar","floor":24,"gold_loss":0},{"damage_healed":0,"gold_gain":275,"player_choice":"Desecrate","damage_taken":0,"max_hp_gain":0,"max_hp_loss":0,"event_name":"Golden Shrine","floor":27,"gold_loss":0,"cards_obtained":["Regret"]},{"damage_healed":0,"gold_gain":0,"player_choice":"Memory 1","damage_taken":0,"max_hp_gain":0,"max_hp_loss":0,"event_name":"SensoryStone","floor":36,"gold_loss":0},{"damage_healed":0,"gold_gain":0,"player_choice":"Ignored","damage_taken":0,"max_hp_gain":0,"max_hp_loss":0,"event_name":"Tomb of Lord Red Mask","floor":38,"gold_loss":0},{"damage_healed":21,"gold_gain":0,"player_choice":"Writhe","damage_taken":0,"max_hp_gain":0,"max_hp_loss":0,"event_name":"Winding Halls","floor":39,"gold_loss":0,"cards_obtained":["Writhe"]}],"is_beta":false,"boss_relics":[{"not_picked":["Fusion Hammer","SlaversCollar"],"picked":"Inserter"},{"not_picked":["Pandora\u0027s Box","Coffee Dripper"],"picked":"Tiny House"}],"items_purged_floors":[3,28,46],"is_endless":false,"potions_floor_spawned":[5,12,14,16,18,19,22,31,45,47],"ascension_level":7}