{"gold_per_floor":[14,24,24,38,50,50,69,79,79,89,120,120,45,75,75,176,176,192,291,291,306,306,341,341,341,367,98,116,116,126,142,142,245,245,262,262,312,330,330,330,135,149,174,174,174,198,216,18,18,18],"floor_reached":50,"playtime":2303,"items_purged":["Strike_B","Beam Cell+1","Beam Cell+1","Sweeping Beam"],"score":687,"play_id":"c74d5223-35c4-482f-9a1e-10d263fe8f73","local_time":"20230823224009","is_ascension_mode":true,"campfire_choices":[{"floor":6,"key":"DIG"},{"data":"Go for the Eyes","floor":12,"key":"SMITH"},{"floor":15,"key":"DIG"},{"data":"Dualcast","floor":24,"key":"SMITH"},{"data":"Defragment","floor":29,"key":"SMITH"},{"floor":32,"key":"REST"},{"data":"Biased Cognition","floor":40,"key":"SMITH"},{"floor":44,"key":"DIG"},{"floor":49,"key":"REST"}],"neow_cost":"NO_GOLD","seed_source_timestamp":1284555179656100,"circlet_count":0,"master_deck":["Defend_B","Defend_B","Defend_B+1","Defend_B+1","Zap+1","Dualcast+1","Beam Cell","Genetic Algorithm","Glacier","Ball Lightning","Leap","Go for the Eyes+1","BootSequence","Lockon","Tempest","Ball Lightning","Consume+1","Auto Shields","Blind","Defragment+1","Cold Snap","Go for the Eyes+1","Biased Cognition+1","Tempest+1","Defragment+1","Loop+1","Blind","Self Repair","Stack+1"],"relics":["Cracked Core","Shovel","Prayer Wheel","StoneCalendar","Meat on the Bone","Bronze Scales","Astrolabe","War Paint","Blood Vial","Philosopher\u0027s Stone","Turnip","DataDisk","CeramicFish"],"potions_floor_usage":[11,14,28,30,33,46,50,50],"damage_taken":[{"damage":2,"enemies":"Jaw Worm","floor":1,"turns":5},{"damage":0,"enemies":"Small Slimes","floor":2,"turns":3},{"damage":1,"enemies":"2 Louse","floor":4,"turns":3},{"damage":10,"enemies":"2 Fungi Beasts","floor":5,"turns":3},{"damage":9,"enemies":"Looter","floor":7,"turns":3},{"damage":7,"enemies":"3 Louse","floor":8,"turns":3},{"damage":0,"enemies":"Large Slime","floor":10,"turns":4},{"damage":16,"enemies":"3 Sentries","floor":11,"turns":6},{"damage":8,"enemies":"Gremlin Nob","floor":14,"turns":3},{"damage":10,"enemies":"Hexaghost","floor":16,"turns":7},{"damage":14,"enemies":"3 Byrds","floor":18,"turns":3},{"damage":11,"enemies":"2 Thieves","floor":21,"turns":3},{"damage":50,"enemies":"Gremlin Leader","floor":23,"turns":7},{"damage":23,"enemies":"Centurion and Healer","floor":28,"turns":8},{"damage":7,"enemies":"Cultist and Chosen","floor":30,"turns":5},{"damage":21,"enemies":"Sentry and Sphere","floor":31,"turns":6},{"damage":37,"enemies":"Automaton","floor":33,"turns":9},{"damage":9,"enemies":"3 Shapes","floor":35,"turns":6},{"damage":19,"enemies":"Mind Bloom Boss Battle","floor":37,"turns":5},{"damage":0,"enemies":"Orb Walker","floor":38,"turns":3},{"damage":23,"enemies":"Spire Growth","floor":42,"turns":5},{"damage":20,"enemies":"3 Darklings","floor":46,"turns":3},{"damage":12,"enemies":"Maw","floor":47,"turns":7},{"damage":71,"enemies":"Awakened One","floor":50,"turns":3}],"seed_played":"875517198811018149","potions_obtained":[{"floor":7,"key":"CultistPotion"},{"floor":8,"key":"FairyPotion"},{"floor":10,"key":"SteroidPotion"},{"floor":11,"key":"Ancient Potion"},{"floor":18,"key":"PotionOfCapacity"},{"floor":28,"key":"Ancient Potion"},{"floor":30,"key":"Ancient Potion"},{"floor":37,"key":"Swift Potion"},{"floor":46,"key":"DuplicationPotion"},{"floor":47,"key":"Swift Potion"}],"is_trial":false,"path_per_floor":["M","M","?","M","M","R","M","M","T","M","E","R","$","E","R","B",null,"M","?","?","M","?","E","R","?","T","$","M","R","M","M","R","B",null,"M","?","?","M","?","R","$","M","T","R","?","M","M","$","R","B"],"character_chosen":"DEFECT","items_purchased":["Blind","Loop","Self Repair","BlessingOfTheForge"],"campfire_rested":2,"item_purchase_floors":[27,27,41,48],"current_hp_per_floor":[66,66,66,65,55,55,46,39,39,39,23,23,23,27,27,29,64,50,50,50,39,39,34,34,34,34,34,25,25,32,25,47,24,62,55,55,38,40,40,40,40,38,38,38,38,39,48,48,69,0],"gold":18,"neow_bonus":"ONE_RARE_RELIC","is_prod":false,"is_daily":false,"chose_seed":false,"campfire_upgraded":4,"win_rate":0,"timestamp":1692855609,"path_taken":["M","M","?","M","M","R","M","M","T","M","E","R","$","E","R","BOSS","M","?","?","M","?","E","R","?","T","?","M","R","M","M","R","BOSS","M","?","?","M","?","R","$","?","T","R","?","M","M","$","R","BOSS"],"build_version":"2022-12-18","purchased_purges":4,"victory":false,"max_hp_per_floor":[75,75,75,75,75,75,75,75,75,75,75,75,75,75,75,75,75,75,75,75,75,75,75,75,75,75,75,75,75,75,75,75,75,75,75,75,75,75,75,75,75,75,75,75,71,71,71,71,71,71],"card_choices":[{"not_picked":["Streamline","Redo"],"picked":"Beam Cell","floor":1},{"not_picked":["Conserve Battery","Steam"],"picked":"Genetic Algorithm","floor":2},{"not_picked":["Skim","Compile Driver","Undo"],"picked":"SKIP","floor":4},{"not_picked":["Streamline","Undo"],"picked":"Glacier","floor":5},{"not_picked":["Chaos","Undo"],"picked":"Ball Lightning","floor":7},{"not_picked":["Barrage","Gash"],"picked":"Sweeping Beam","floor":7},{"not_picked":["Hello World","Hologram"],"picked":"Leap","floor":8},{"not_picked":["Barrage","White Noise"],"picked":"Go for the Eyes","floor":8},{"not_picked":["Glacier","Compile Driver"],"picked":"BootSequence","floor":10},{"not_picked":["Glacier","Barrage"],"picked":"Lockon","floor":10},{"not_picked":["Glacier","Hologram"],"picked":"Tempest","floor":11},{"not_picked":["Beam Cell","Rebound"],"picked":"Ball Lightning","floor":14},{"not_picked":["Coolheaded","Hologram"],"picked":"Auto Shields","floor":18},{"not_picked":["Ball Lightning+1","Amplify","Gash"],"picked":"SKIP","floor":18},{"not_picked":["Barrage","Streamline","Ball Lightning"],"picked":"SKIP","floor":21},{"not_picked":["Conserve Battery","Barrage","Chaos"],"picked":"SKIP","floor":21},{"not_picked":["Stack+1","Sweeping Beam","Auto Shields"],"picked":"SKIP","floor":23},{"not_picked":["Coolheaded","Hologram+1"],"picked":"Defragment","floor":28},{"not_picked":["Undo+1","Double Energy","Doom and Gloom"],"picked":"SKIP","floor":28},{"not_picked":["Darkness","Beam Cell"],"picked":"Cold Snap","floor":30},{"not_picked":["Conserve Battery","Streamline+1","Gash+1"],"picked":"SKIP","floor":30},{"not_picked":["Stack","Aggregate"],"picked":"Go for the Eyes+1","floor":31},{"not_picked":["Chill","Turbo"],"picked":"Biased Cognition","floor":31},{"not_picked":["Compile Driver+1","Reinforced Body+1"],"picked":"Tempest+1","floor":35},{"not_picked":["Sweeping Beam","Cold Snap","Redo"],"picked":"SKIP","floor":35},{"not_picked":["Chill","Turbo+1"],"picked":"Defragment+1","floor":37},{"not_picked":["Gash+1","Reinforced Body+1"],"picked":"Loop+1","floor":38},{"not_picked":["Ball Lightning+1","Sweeping Beam","Hologram"],"picked":"SKIP","floor":38},{"not_picked":["Sadistic Nature","The Bomb"],"picked":"Blind","floor":39},{"not_picked":["Rip and Tear+1","Sweeping Beam+1","Consume+1"],"picked":"SKIP","floor":42},{"not_picked":["Force Field","Consume+1","Reprogram+1"],"picked":"SKIP","floor":42},{"not_picked":["Rebound+1","Core Surge"],"picked":"Stack+1","floor":46},{"not_picked":["Steam","Force Field+1","Coolheaded+1"],"picked":"SKIP","floor":46},{"not_picked":["Redo","Chill","Go for the Eyes"],"picked":"SKIP","floor":47},{"not_picked":["Chaos+1","Go for the Eyes+1","Recycle+1"],"picked":"SKIP","floor":47}],"player_experience":360338,"relics_obtained":[{"floor":6,"key":"Prayer Wheel"},{"floor":9,"key":"StoneCalendar"},{"floor":11,"key":"Meat on the Bone"},{"floor":15,"key":"Bronze Scales"},{"floor":23,"key":"War Paint"},{"floor":26,"key":"Blood Vial"},{"floor":37,"key":"Turnip"},{"floor":43,"key":"DataDisk"},{"floor":44,"key":"CeramicFish"}],"event_choices":[{"damage_healed":0,"gold_gain":0,"player_choice":"Grow","damage_taken":0,"max_hp_gain":0,"max_hp_loss":0,"event_name":"Living Wall","floor":3,"gold_loss":0,"cards_upgraded":["Zap"]},{"damage_healed":0,"gold_gain":99,"player_choice":"Stole From Cult","damage_taken":0,"max_hp_gain":0,"max_hp_loss":0,"event_name":"Nest","floor":19,"gold_loss":0},{"damage_healed":0,"gold_gain":0,"player_choice":"Ignored","damage_taken":0,"max_hp_gain":0,"max_hp_loss":0,"event_name":"The Mausoleum","floor":20,"gold_loss":0},{"damage_healed":0,"gold_gain":0,"player_choice":"Ignored","damage_taken":0,"max_hp_gain":0,"max_hp_loss":0,"event_name":"Ghosts","floor":22,"gold_loss":0},{"damage_healed":0,"gold_gain":0,"player_choice":"Ignored","damage_taken":0,"max_hp_gain":0,"max_hp_loss":0,"event_name":"Cursed Tome","floor":25,"gold_loss":0},{"cards_removed":["Loop"],"damage_healed":0,"gold_gain":0,"player_choice":"Removed Power","damage_taken":0,"max_hp_gain":0,"max_hp_loss":0,"event_name":"Falling","floor":36,"gold_loss":0},{"damage_healed":0,"gold_gain":0,"player_choice":"Fight","damage_taken":0,"max_hp_gain":0,"max_hp_loss":0,"event_name":"MindBloom","floor":37,"gold_loss":0},{"damage_healed":0,"gold_gain":0,"player_choice":"Memory 1","damage_taken":0,"max_hp_gain":0,"max_hp_loss":0,"event_name":"SensoryStone","floor":39,"gold_loss":0},{"damage_healed":0,"gold_gain":0,"player_choice":"Max HP","damage_taken":0,"max_hp_gain":0,"max_hp_loss":4,"event_name":"Winding Halls","floor":45,"gold_loss":0}],"is_beta":false,"boss_relics":[{"not_picked":["Snecko Eye","Runic Pyramid"],"picked":"Astrolabe"},{"not_picked":["Calling Bell","Inserter"],"picked":"Philosopher\u0027s Stone"}],"items_purged_floors":[13,27,41,48],"is_endless":false,"potions_floor_spawned":[7,8,10,11,18,28,30,37,46,47],"killed_by":"Awakened One","ascension_level":9}