{"gold_per_floor":[13,13,31,106,131,167,167,167,167,167,203,218,218,232,232,353,353,376,376,51,74,95,95,110,110,163,196,212,212,226,250,250,369,432,453,453,472,538,448,489,489,503,580,580,624,638,87,127,127,127],"floor_reached":51,"playtime":2410,"items_purged":["Strike_B","Defend_B"],"score":1079,"play_id":"35f275ca-fa25-49ab-be70-900e72581a3e","local_time":"20230821191002","is_ascension_mode":true,"campfire_choices":[{"floor":8,"key":"REST"},{"data":"Zap","floor":10,"key":"SMITH"},{"floor":13,"key":"REST"},{"data":"Defragment","floor":15,"key":"SMITH"},{"data":"Consume","floor":23,"key":"SMITH"},{"data":"Self Repair","floor":25,"key":"SMITH"},{"data":"Conserve Battery","floor":29,"key":"SMITH"},{"data":"Electrodynamics","floor":32,"key":"SMITH"},{"data":"Machine Learning","floor":41,"key":"SMITH"},{"data":"Seek","floor":44,"key":"SMITH"},{"data":"Defragment","floor":49,"key":"SMITH"}],"neow_cost":"NO_GOLD","seed_source_timestamp":1099018803418300,"circlet_count":0,"master_deck":["Defend_B","Defend_B","Zap+1","Dualcast+1","Ball Lightning","Go for the Eyes+1","Conserve Battery+1","Capacitor+1","Chill","BootSequence","Defragment+1","Self Repair+1","Seek+1","Go for the Eyes+1","Consume+1","Capacitor","Cold Snap+1","Electrodynamics+1","Ball Lightning+1","Machine Learning+1","Coolheaded+1","Glacier+1","Defragment+1"],"relics":["Cracked Core","Golden Idol","Girya","Bottled Lightning","PreservedInsect","Velvet Choker","Bottled Tornado","Dream Catcher","Pantograph","Tiny House","CaptainsWheel","Happy Flower","Letter Opener","Singing Bowl","TungstenRod","Ancient Tea Set","Boot"],"potions_floor_usage":[6,16,16,38,38,50,50,50],"damage_taken":[{"damage":2,"enemies":"2 Louse","floor":1,"turns":3},{"damage":2,"enemies":"Jaw Worm","floor":3,"turns":3},{"damage":0,"enemies":"Cultist","floor":5,"turns":3},{"damage":20,"enemies":"3 Sentries","floor":6,"turns":6},{"damage":23,"enemies":"Gremlin Nob","floor":11,"turns":5},{"damage":0,"enemies":"3 Louse","floor":12,"turns":4},{"damage":0,"enemies":"Red Slaver","floor":14,"turns":3},{"damage":17,"enemies":"Slime Boss","floor":16,"turns":11},{"damage":12,"enemies":"Spheric Guardian","floor":18,"turns":5},{"damage":1,"enemies":"Shell Parasite","floor":21,"turns":6},{"damage":8,"enemies":"Snecko","floor":22,"turns":6},{"damage":2,"enemies":"Shelled Parasite and Fungi","floor":24,"turns":7},{"damage":51,"enemies":"Slavers","floor":27,"turns":8},{"damage":4,"enemies":"3 Cultists","floor":28,"turns":3},{"damage":7,"enemies":"Centurion and Healer","floor":30,"turns":4},{"damage":4,"enemies":"Chosen and Byrds","floor":31,"turns":6},{"damage":37,"enemies":"Automaton","floor":33,"turns":9},{"damage":0,"enemies":"3 Shapes","floor":35,"turns":2},{"damage":1,"enemies":"Orb Walker","floor":37,"turns":4},{"damage":6,"enemies":"2 Orb Walkers","floor":38,"turns":2},{"damage":15,"enemies":"Nemesis","floor":40,"turns":7},{"damage":0,"enemies":"Maw","floor":42,"turns":6},{"damage":4,"enemies":"Reptomancer","floor":45,"turns":5},{"damage":26,"enemies":"4 Shapes","floor":46,"turns":4},{"damage":6,"enemies":"Nemesis","floor":48,"turns":7},{"damage":8,"enemies":"Time Eater","floor":50,"turns":9}],"seed_played":"-3504007047553840527","potions_obtained":[{"floor":5,"key":"PowerPotion"},{"floor":11,"key":"EssenceOfSteel"},{"floor":14,"key":"BlessingOfTheForge"},{"floor":22,"key":"SmokeBomb"},{"floor":24,"key":"Weak Potion"},{"floor":28,"key":"PowerPotion"},{"floor":33,"key":"PowerPotion"},{"floor":34,"key":"PowerPotion"},{"floor":38,"key":"LiquidBronze"},{"floor":45,"key":"EssenceOfSteel"}],"is_trial":false,"path_per_floor":["M","?","M","?","M","E","?","R","T","R","E","M","R","M","R","B",null,"M","?","$","M","M","R","M","R","T","E","M","R","M","M","R","B",null,"M","?","M","?","?","E","R","M","T","R","E","M","$","E","R","B",null],"character_chosen":"DEFECT","items_purchased":["Bottled Tornado","TungstenRod","Ancient Tea Set"],"campfire_rested":2,"item_purchase_floors":[20,47,47],"current_hp_per_floor":[66,48,46,35,35,15,15,37,37,37,14,14,36,36,36,26,63,58,58,58,64,63,63,68,68,68,27,33,33,36,42,42,40,71,71,71,76,70,70,65,65,75,75,75,78,64,64,68,68,72],"gold":127,"neow_bonus":"REMOVE_TWO","is_prod":false,"is_daily":false,"chose_seed":false,"campfire_upgraded":9,"win_rate":0,"timestamp":1692670202,"path_taken":["M","?","M","?","M","E","?","R","T","R","E","M","R","?","R","BOSS","M","?","$","?","M","R","M","R","T","E","M","R","M","M","R","BOSS","M","?","M","?","?","E","R","M","T","R","E","M","$","E","R","BOSS"],"build_version":"2022-12-18","purchased_purges":2,"victory":true,"max_hp_per_floor":[75,75,75,75,75,75,75,75,75,75,75,75,75,75,75,75,75,75,75,75,75,75,75,75,75,75,75,75,75,75,75,75,75,80,80,76,76,76,76,76,76,76,76,76,78,80,80,80,80,80],"card_choices":[{"not_picked":["Beam Cell","Redo"],"picked":"Ball Lightning","floor":1},{"not_picked":["Auto Shields","Compile Driver"],"picked":"Go for the Eyes","floor":3},{"not_picked":["Echo Form","Beam Cell"],"picked":"Conserve Battery","floor":5},{"not_picked":["Beam Cell","Gash"],"picked":"Capacitor","floor":6},{"not_picked":["Darkness","Coolheaded"],"picked":"BootSequence","floor":11},{"not_picked":["Doom and Gloom","Compile Driver"],"picked":"Defragment","floor":12},{"not_picked":["Steam","Coolheaded"],"picked":"Self Repair","floor":14},{"not_picked":["Fission","Core Surge"],"picked":"Seek","floor":16},{"not_picked":["Compile Driver","Capacitor"],"picked":"Go for the Eyes+1","floor":18},{"not_picked":["Barrage","Hologram+1"],"picked":"Consume","floor":21},{"not_picked":["Go for the Eyes","Double Energy"],"picked":"Capacitor","floor":22},{"not_picked":["Chaos","Coolheaded"],"picked":"Cold Snap+1","floor":24},{"not_picked":["Sunder","Barrage"],"picked":"Electrodynamics","floor":27},{"not_picked":["Gash","Go for the Eyes"],"picked":"Ball Lightning+1","floor":28},{"not_picked":["Conserve Battery","Echo Form","Scrape+1"],"picked":"SKIP","floor":30},{"not_picked":["Coolheaded","Undo","Turbo"],"picked":"SKIP","floor":31},{"not_picked":["Buffer","Multi-Cast"],"picked":"Machine Learning","floor":33},{"not_picked":["Sunder","Rebound","BootSequence"],"picked":"SKIP","floor":35},{"not_picked":["BootSequence+1","Hologram","Melter+1"],"picked":"SKIP","floor":37},{"not_picked":["Beam Cell","Creative AI"],"picked":"Coolheaded+1","floor":38},{"not_picked":["BootSequence","Fusion+1","Rip and Tear"],"picked":"SKIP","floor":40},{"not_picked":["Blizzard+1","Double Energy"],"picked":"Glacier+1","floor":42},{"not_picked":["Melter+1","Ball Lightning+1","Biased Cognition"],"picked":"Singing Bowl","floor":45},{"not_picked":["Chill+1","Leap+1","Sweeping Beam+1"],"picked":"Singing Bowl","floor":46},{"not_picked":["Stack","Storm"],"picked":"Defragment","floor":48}],"player_experience":340289,"relics_obtained":[{"floor":6,"key":"Girya"},{"floor":9,"key":"Bottled Lightning"},{"floor":11,"key":"PreservedInsect"},{"floor":26,"key":"Dream Catcher"},{"floor":27,"key":"Pantograph"},{"floor":38,"key":"CaptainsWheel"},{"floor":40,"key":"Happy Flower"},{"floor":43,"key":"Letter Opener"},{"floor":45,"key":"Singing Bowl"},{"floor":48,"key":"Boot"}],"event_choices":[{"damage_healed":0,"gold_gain":0,"player_choice":"Take Damage","damage_taken":18,"relics_obtained":["Golden Idol"],"max_hp_gain":0,"max_hp_loss":0,"event_name":"Golden Idol","floor":2,"gold_loss":0},{"damage_healed":0,"gold_gain":75,"player_choice":"Gather Gold","damage_taken":11,"max_hp_gain":0,"max_hp_loss":0,"event_name":"World of Goop","floor":4,"gold_loss":0},{"damage_healed":0,"gold_gain":0,"cards_transformed":["Strike_B"],"player_choice":"Transformed","damage_taken":0,"max_hp_gain":0,"max_hp_loss":0,"event_name":"Transmorgrifier","floor":7,"gold_loss":0,"cards_obtained":["Chill"]},{"damage_healed":0,"gold_gain":0,"player_choice":"Forge","damage_taken":0,"max_hp_gain":0,"max_hp_loss":0,"event_name":"Accursed Blacksmith","floor":19,"gold_loss":0,"cards_upgraded":["Go for the Eyes"]},{"damage_healed":0,"gold_gain":0,"player_choice":"Max HP","damage_taken":0,"max_hp_gain":0,"max_hp_loss":4,"event_name":"Winding Halls","floor":36,"gold_loss":0},{"damage_healed":0,"gold_gain":0,"player_choice":"Fight","damage_taken":0,"max_hp_gain":0,"max_hp_loss":0,"event_name":"Mysterious Sphere","floor":38,"gold_loss":0},{"cards_removed":["Defend_B"],"damage_healed":0,"gold_gain":0,"player_choice":"Upgrade and Remove","damage_taken":0,"max_hp_gain":0,"max_hp_loss":0,"event_name":"Designer","floor":39,"gold_loss":90,"cards_upgraded":["Capacitor"]}],"is_beta":false,"boss_relics":[{"not_picked":["Cursed Key","Calling Bell"],"picked":"Velvet Choker"},{"not_picked":["Black Star","Nuclear Battery"],"picked":"Tiny House"}],"items_purged_floors":[20,47],"is_endless":false,"potions_floor_spawned":[5,11,14,22,24,28,33,37,38,45,48],"ascension_level":8}