{"gold_per_floor":[111,111,127,140,65,65,65,65,65,65,65,99,118,159,159,159],"floor_reached":16,"playtime":605,"items_purged":["Strike_B"],"score":262,"play_id":"b4c9bba4-6a5d-4290-9656-ca2bfe6f77bb","local_time":"20230826134223","is_ascension_mode":true,"campfire_choices":[{"data":"Go for the Eyes","floor":6,"key":"SMITH"},{"data":"Zap","floor":8,"key":"SMITH"},{"data":"Core Surge","floor":11,"key":"SMITH"},{"data":"Dualcast","floor":15,"key":"SMITH"}],"neow_cost":"NONE","seed_source_timestamp":1513177173550000,"circlet_count":0,"master_deck":["AscendersBane","Strike_B","Strike_B","Defend_B","Defend_B","Defend_B","Defend_B","Zap+1","Dualcast+1","Leap","Core Surge+1","Go for the Eyes+1","Glacier","Cold Snap"],"special_seed":0,"relics":["Cracked Core","CeramicFish","Girya","Pear"],"potions_floor_usage":[16,16,16],"damage_taken":[{"damage":4,"enemies":"Small Slimes","floor":1,"turns":3},{"damage":1,"enemies":"Cultist","floor":3,"turns":3},{"damage":0,"enemies":"Jaw Worm","floor":4,"turns":3},{"damage":15,"enemies":"Gremlin Nob","floor":12,"turns":4},{"damage":0,"enemies":"2 Fungi Beasts","floor":13,"turns":3},{"damage":4,"enemies":"Lagavulin","floor":14,"turns":12},{"damage":77,"enemies":"Hexaghost","floor":16,"turns":19}],"seed_played":"6244784981544188583","potions_obtained":[{"floor":1,"key":"Swift Potion"},{"floor":13,"key":"Fire Potion"},{"floor":14,"key":"EssenceOfSteel"}],"is_trial":false,"path_per_floor":["M","?","M","M","$","R","?","R","T","?","R","E","M","E","R","B"],"character_chosen":"DEFECT","items_purchased":[],"campfire_rested":0,"item_purchase_floors":[],"current_hp_per_floor":[64,85,84,84,84,84,84,84,84,84,84,69,69,75,75,0],"gold":159,"neow_bonus":"ONE_RANDOM_RARE_CARD","is_prod":false,"is_daily":false,"chose_seed":false,"campfire_upgraded":4,"win_rate":0,"timestamp":1693082543,"path_taken":["M","?","M","?","$","R","?","R","T","?","R","E","M","E","R","BOSS"],"build_version":"2022-12-18","purchased_purges":1,"victory":false,"max_hp_per_floor":[75,85,85,85,85,85,85,85,85,85,85,85,85,95,95,95],"card_choices":[{"not_picked":["Redo","Beam Cell"],"picked":"Leap","floor":1},{"not_picked":["Beam Cell","Stack"],"picked":"Core Surge","floor":3},{"not_picked":["Aggregate","Steam"],"picked":"Go for the Eyes","floor":4},{"not_picked":["Rebound","Chill"],"picked":"Glacier","floor":12},{"not_picked":["Compile Driver","Hologram","Heatsinks"],"picked":"SKIP","floor":13},{"not_picked":["Gash","Double Energy"],"picked":"Cold Snap","floor":14}],"player_experience":377644,"relics_obtained":[{"floor":9,"key":"CeramicFish"},{"floor":12,"key":"Girya"},{"floor":14,"key":"Pear"}],"event_choices":[{"cards_removed":["Meteor Strike"],"damage_healed":11,"gold_gain":0,"player_choice":"Offered Rare","damage_taken":0,"max_hp_gain":10,"max_hp_loss":0,"event_name":"Bonfire Elementals","floor":2,"gold_loss":0},{"cards_removed":["Strike_B"],"damage_healed":0,"gold_gain":0,"player_choice":"Forget","damage_taken":0,"max_hp_gain":0,"max_hp_loss":0,"event_name":"Living Wall","floor":7,"gold_loss":0},{"damage_healed":0,"gold_gain":0,"player_choice":"Ignored","damage_taken":0,"max_hp_gain":0,"max_hp_loss":0,"event_name":"Liars Game","floor":10,"gold_loss":0}],"is_beta":false,"boss_relics":[],"items_purged_floors":[5],"is_endless":false,"potions_floor_spawned":[1,13,14],"killed_by":"Hexaghost","ascension_level":10}