{"gold_per_floor":[117,117,131,31,206,206,222,71,71,71,106,125,125,125],"floor_reached":14,"playtime":400,"items_purged":["Strike_B"],"score":150,"play_id":"4291495a-c7c2-45d8-b9d7-c642663e89b5","local_time":"20230902122610","is_ascension_mode":true,"campfire_choices":[{"data":"Zap","floor":6,"key":"SMITH"},{"data":"Defragment","floor":13,"key":"SMITH"}],"neow_cost":"NONE","seed_source_timestamp":2113657226255300,"circlet_count":0,"master_deck":["AscendersBane","Strike_B","Strike_B","Strike_B","Defend_B","Defend_B","Defend_B","Defend_B","Zap+1","Dualcast","Defragment+1","Self Repair","Leap","Doubt","Ball Lightning","Tempest+1","Conserve Battery+1"],"relics":["Cracked Core","Juzu Bracelet","Bag of Preparation","Mummified Hand","Golden Idol","Toxic Egg 2"],"potions_floor_usage":[0,7,11,11,14],"damage_taken":[{"damage":11,"enemies":"Jaw Worm","floor":1,"turns":5},{"damage":14,"enemies":"2 Louse","floor":3,"turns":3},{"damage":10,"enemies":"Small Slimes","floor":7,"turns":6},{"damage":15,"enemies":"Lagavulin","floor":11,"turns":5},{"damage":7,"enemies":"2 Fungi Beasts","floor":12,"turns":3},{"damage":31,"enemies":"Gremlin Gang","floor":14,"turns":3}],"seed_played":"-9107027962724290173","potions_obtained":[{"floor":0,"key":"Fruit Juice"},{"floor":0,"key":"Regen Potion"},{"floor":0,"key":"LiquidMemories"},{"floor":7,"key":"PowerPotion"},{"floor":11,"key":"Strength Potion"}],"is_trial":false,"path_per_floor":["M","?","M","$","?","R","M","$","T","?","E","M","R","M"],"character_chosen":"DEFECT","items_purchased":["Leap","Bag of Preparation"],"campfire_rested":0,"item_purchase_floors":[4,8],"current_hp_per_floor":[58,40,26,26,26,26,38,38,38,38,30,30,30,0],"gold":125,"neow_bonus":"THREE_SMALL_POTIONS","is_prod":false,"is_daily":false,"chose_seed":false,"campfire_upgraded":2,"win_rate":0,"timestamp":1693682770,"path_taken":["M","?","M","$","?","R","M","$","T","?","E","M","R","M"],"build_version":"2022-12-18","purchased_purges":1,"victory":false,"max_hp_per_floor":[76,76,76,76,76,76,76,76,76,70,70,70,70,70],"card_choices":[{"not_picked":["Stack","Streamline"],"picked":"Defragment","floor":1},{"not_picked":["Melter","FTL"],"picked":"Self Repair","floor":3},{"not_picked":["Capacitor","Fusion"],"picked":"Ball Lightning","floor":7},{"not_picked":["Compile Driver","Go for the Eyes"],"picked":"Tempest+1","floor":11},{"not_picked":["Streamline","Turbo+1"],"picked":"Conserve Battery+1","floor":12}],"player_experience":447274,"relics_obtained":[{"floor":9,"key":"Mummified Hand"},{"floor":11,"key":"Toxic Egg 2"}],"event_choices":[{"damage_healed":0,"gold_gain":0,"player_choice":"Success","damage_taken":18,"relics_obtained":["Juzu Bracelet"],"max_hp_gain":0,"max_hp_loss":0,"event_name":"Scrap Ooze","floor":2,"gold_loss":0},{"damage_healed":0,"gold_gain":175,"player_choice":"AGREE","damage_taken":0,"max_hp_gain":0,"max_hp_loss":0,"event_name":"Liars Game","floor":5,"gold_loss":0,"cards_obtained":["Doubt"]},{"damage_healed":0,"gold_gain":0,"player_choice":"Lose Max HP","damage_taken":0,"relics_obtained":["Golden Idol"],"max_hp_gain":0,"max_hp_loss":6,"event_name":"Golden Idol","floor":10,"gold_loss":0}],"is_beta":false,"boss_relics":[],"items_purged_floors":[4],"is_endless":false,"potions_floor_spawned":[7,11],"killed_by":"Gremlin Gang","ascension_level":14}