{"gold_per_floor":[109,127,140,45,45,45,71,85,85,97,59,59,59,59,59,133,133,147,147,160,160,172,25,38,38,38,54,54,85,85,103,103,177,227,246,246,262,172,185,217,217,244,244,244,263,298,298,142,142,142],"floor_reached":51,"playtime":2122,"items_purged":["Parasite"],"score":1238,"play_id":"9d3ef99a-1977-44c1-97a5-8c5256cb853c","local_time":"20230901203944","is_ascension_mode":true,"campfire_choices":[{"data":"Zap","floor":6,"key":"SMITH"},{"data":"Capacitor","floor":13,"key":"SMITH"},{"data":"Leap","floor":15,"key":"SMITH"},{"data":"Biased Cognition","floor":25,"key":"SMITH"},{"data":"Biased Cognition","floor":28,"key":"SMITH"},{"data":"Storm","floor":30,"key":"SMITH"},{"data":"Streamline","floor":32,"key":"SMITH"},{"data":"Machine Learning","floor":41,"key":"SMITH"},{"data":"Reinforced Body","floor":44,"key":"SMITH"},{"floor":47,"key":"REST"},{"floor":49,"key":"REST"}],"neow_cost":"NONE","seed_source_timestamp":2055137198504600,"circlet_count":0,"master_deck":["AscendersBane","Defend_B","Defend_B","Defend_B","Defend_B+1","Zap+1","Dualcast+1","Auto Shields","Cold Snap","Chill","Capacitor+1","Sweeping Beam","Seek","Leap+1","Self Repair","Echo Form+1","Streamline+1","Cold Snap","Biased Cognition+1","Glacier","Biased Cognition+1","Storm+1","Machine Learning+1","White Noise","Ball Lightning","Reinforced Body+1","FTL","Glacier","Reboot"],"relics":["Cracked Core","TungstenRod","Symbiotic Virus","Mercury Hourglass","Sozu","ClockworkSouvenir","Darkstone Periapt","Gremlin Horn","Tiny House","Omamori","Dream Catcher","CaptainsWheel","Ice Cream"],"potions_floor_usage":[3,7],"damage_taken":[{"damage":0,"enemies":"Small Slimes","floor":1,"turns":3},{"damage":0,"enemies":"2 Louse","floor":2,"turns":2},{"damage":0,"enemies":"Cultist","floor":3,"turns":4},{"damage":7,"enemies":"3 Sentries","floor":7,"turns":8},{"damage":0,"enemies":"2 Fungi Beasts","floor":8,"turns":4},{"damage":0,"enemies":"Large Slime","floor":10,"turns":4},{"damage":27,"enemies":"The Guardian","floor":16,"turns":11},{"damage":4,"enemies":"3 Byrds","floor":18,"turns":5},{"damage":5,"enemies":"Chosen","floor":20,"turns":4},{"damage":6,"enemies":"Snake Plant","floor":22,"turns":4},{"damage":1,"enemies":"Cultist and Chosen","floor":24,"turns":6},{"damage":0,"enemies":"Snecko","floor":27,"turns":6},{"damage":7,"enemies":"Slavers","floor":29,"turns":6},{"damage":13,"enemies":"Snake Plant","floor":31,"turns":3},{"damage":10,"enemies":"Collector","floor":33,"turns":9},{"damage":35,"enemies":"3 Darklings","floor":35,"turns":4},{"damage":13,"enemies":"Orb Walker","floor":37,"turns":3},{"damage":3,"enemies":"Writhing Mass","floor":39,"turns":4},{"damage":30,"enemies":"Reptomancer","floor":40,"turns":5},{"damage":4,"enemies":"Giant Head","floor":42,"turns":7},{"damage":18,"enemies":"Sphere and 2 Shapes","floor":45,"turns":3},{"damage":45,"enemies":"Reptomancer","floor":46,"turns":3},{"damage":46,"enemies":"Time Eater","floor":50,"turns":10}],"seed_played":"-5638076354419546353","potions_obtained":[{"floor":1,"key":"DistilledChaos"},{"floor":3,"key":"Fruit Juice"}],"is_trial":false,"path_per_floor":["M","M","M","$","?","R","E","M","T","M","$","?","R","?","R","B",null,"M","?","M","?","M","$","M","R","T","M","R","E","R","M","R","B",null,"M","?","M","?","M","E","R","E","T","R","M","E","R","$","R","B",null],"character_chosen":"DEFECT","items_purchased":["Capacitor","Sweeping Beam","Self Repair","ClockworkSouvenir","Reboot"],"campfire_rested":2,"item_purchase_floors":[4,4,11,23,48],"current_hp_per_floor":[68,68,73,73,70,70,63,63,63,63,63,57,57,62,62,42,74,77,77,72,72,73,73,79,79,79,85,85,85,85,79,79,76,88,53,82,76,76,86,63,63,73,73,73,62,17,47,47,76,30],"gold":142,"neow_bonus":"REMOVE_CARD","is_prod":false,"is_daily":false,"chose_seed":false,"campfire_upgraded":9,"win_rate":0,"timestamp":1693625984,"path_taken":["M","M","M","$","?","R","E","M","T","M","$","?","R","?","R","BOSS","M","?","?","?","M","$","M","R","T","M","R","E","R","M","R","BOSS","M","?","M","?","?","E","R","E","T","R","M","E","R","$","R","BOSS"],"build_version":"2022-12-18","purchased_purges":1,"victory":true,"max_hp_per_floor":[75,75,80,80,80,80,80,80,80,80,80,80,80,85,85,85,85,85,85,85,85,85,85,85,85,85,85,85,85,85,85,85,85,90,90,96,96,96,102,102,102,102,102,102,102,102,102,99,99,99],"card_choices":[{"not_picked":["Double Energy","Hello World"],"picked":"Auto Shields","floor":1},{"not_picked":["BootSequence","Streamline"],"picked":"Cold Snap","floor":2},{"not_picked":["Coolheaded","Conserve Battery"],"picked":"Chill","floor":3},{"not_picked":["Storm","Compile Driver"],"picked":"Seek","floor":7},{"not_picked":["Aggregate","Streamline","Barrage"],"picked":"SKIP","floor":8},{"not_picked":["Turbo","Conserve Battery"],"picked":"Leap","floor":10},{"not_picked":["Rainbow","Buffer"],"picked":"Echo Form","floor":16},{"not_picked":["Genetic Algorithm","Force Field"],"picked":"Streamline","floor":18},{"not_picked":["Scrape","Stack"],"picked":"Cold Snap","floor":20},{"not_picked":["Steam+1","Streamline","Chaos"],"picked":"SKIP","floor":22},{"not_picked":["Barrage","Sweeping Beam"],"picked":"Biased Cognition","floor":24},{"not_picked":["Conserve Battery+1","Go for the Eyes","Rebound"],"picked":"SKIP","floor":27},{"not_picked":["Stack","Rebound"],"picked":"Storm","floor":29},{"not_picked":["Double Energy","White Noise","Hologram"],"picked":"SKIP","floor":31},{"not_picked":["Thunder Strike","Seek"],"picked":"Machine Learning","floor":33},{"not_picked":["Compile Driver","Melter"],"picked":"White Noise","floor":34},{"not_picked":["Compile Driver","Rebound","Steam"],"picked":"SKIP","floor":35},{"not_picked":["Sweeping Beam+1","Redo","Heatsinks"],"picked":"SKIP","floor":37},{"not_picked":["Rebound","Chaos"],"picked":"Ball Lightning","floor":39},{"not_picked":["Barrage","Aggregate+1"],"picked":"Reinforced Body","floor":40},{"not_picked":["Doom and Gloom","Genetic Algorithm","White Noise"],"picked":"SKIP","floor":42},{"not_picked":["Go for the Eyes","Redo"],"picked":"FTL","floor":45},{"not_picked":["Reprogram+1","Auto Shields+1"],"picked":"Glacier","floor":46}],"player_experience":436910,"relics_obtained":[{"floor":7,"key":"Symbiotic Virus"},{"floor":9,"key":"Mercury Hourglass"},{"floor":26,"key":"Darkstone Periapt"},{"floor":29,"key":"Gremlin Horn"},{"floor":40,"key":"Omamori"},{"floor":42,"key":"Dream Catcher"},{"floor":43,"key":"CaptainsWheel"},{"floor":46,"key":"Ice Cream"}],"event_choices":[{"damage_healed":0,"gold_gain":0,"player_choice":"Success","damage_taken":3,"relics_obtained":["TungstenRod"],"max_hp_gain":0,"max_hp_loss":0,"event_name":"Scrap Ooze","floor":5,"gold_loss":0},{"cards_removed":["Strike_B"],"damage_healed":0,"gold_gain":0,"player_choice":"Card Removal","damage_taken":7,"max_hp_gain":0,"max_hp_loss":0,"event_name":"Golden Wing","floor":12,"gold_loss":0},{"damage_healed":0,"gold_gain":0,"player_choice":"Donut","damage_taken":0,"max_hp_gain":5,"max_hp_loss":0,"event_name":"Big Fish","floor":14,"gold_loss":0},{"damage_healed":0,"gold_gain":0,"player_choice":"Upgraded","damage_taken":0,"max_hp_gain":0,"max_hp_loss":0,"event_name":"Upgrade Shrine","floor":19,"gold_loss":0,"cards_upgraded":["Echo Form"]},{"damage_healed":0,"gold_gain":0,"cards_transformed":["Strike_B","Strike_B"],"player_choice":"Became Test Subject","damage_taken":0,"max_hp_gain":0,"max_hp_loss":0,"event_name":"Drug Dealer","floor":21,"gold_loss":0,"cards_obtained":["Biased Cognition","Glacier"]},{"damage_healed":23,"gold_gain":0,"player_choice":"Writhe","damage_taken":0,"max_hp_gain":0,"max_hp_loss":0,"event_name":"Winding Halls","floor":36,"gold_loss":0,"cards_obtained":["Writhe"]},{"cards_removed":["Writhe"],"damage_healed":0,"gold_gain":0,"player_choice":"Upgrade and Remove","damage_taken":0,"max_hp_gain":0,"max_hp_loss":0,"event_name":"Designer","floor":38,"gold_loss":90,"cards_upgraded":["Defend_B"]}],"is_beta":false,"boss_relics":[{"not_picked":["Inserter","Astrolabe"],"picked":"Sozu"},{"not_picked":["Velvet Choker","Runic Dome"],"picked":"Tiny House"}],"items_purged_floors":[48],"is_endless":false,"potions_floor_spawned":[1,3,20,29,33,39,40,45],"ascension_level":13}