{"gold_per_floor":[110,128,78,96,96,96,107,107,107,118,118,132,150,166,166,264,264,280,280,72,84,98,98,113,132,132,142,176,189,189,216,216,318,318,329,329,207,218,19,19,38,38,87,87,104,104,104,154,154,154],"floor_reached":51,"playtime":1911,"items_purged":["Strike_B","Strike_B","Defend_B"],"score":1031,"play_id":"b801d152-1c9f-4fcf-8995-e8cd5eb3a79d","local_time":"20230827165010","is_ascension_mode":true,"campfire_choices":[{"data":"Zap","floor":6,"key":"SMITH"},{"data":"Dualcast","floor":8,"key":"SMITH"},{"data":"Defragment","floor":11,"key":"SMITH"},{"data":"Coolheaded","floor":15,"key":"SMITH"},{"data":"Defragment","floor":23,"key":"SMITH"},{"floor":30,"key":"REST"},{"floor":32,"key":"REST"},{"data":"Capacitor","floor":40,"key":"SMITH"},{"floor":42,"key":"REST"},{"data":"Capacitor","floor":46,"key":"SMITH"},{"data":"Chill","floor":49,"key":"SMITH"}],"neow_cost":"NONE","seed_source_timestamp":1609554157570200,"circlet_count":0,"master_deck":["AscendersBane","Defend_B","Defend_B","Defend_B","Zap+1","Dualcast+1","Chill+1","Auto Shields","Coolheaded+1","Defragment+1","Electrodynamics","Defragment+1","Tempest","Ball Lightning","Go for the Eyes","Defragment+1","Tempest+1","Reboot+1","Blind+1","Capacitor+1","Glacier+1","Capacitor+1","Clumsy","Steam+1"],"relics":["Cracked Core","Smiling Mask","Velvet Choker","Toxic Egg 2","Pantograph","Vajra","Cursed Key","Pen Nib","Ginger"],"potions_floor_usage":[14,16,22,24,27,33,41,50,50],"damage_taken":[{"damage":12,"enemies":"Jaw Worm","floor":1,"turns":3},{"damage":0,"enemies":"2 Louse","floor":2,"turns":2},{"damage":0,"enemies":"Small Slimes","floor":4,"turns":3},{"damage":0,"enemies":"3 Louse","floor":7,"turns":5},{"damage":0,"enemies":"Large Slime","floor":10,"turns":7},{"damage":0,"enemies":"2 Fungi Beasts","floor":12,"turns":4},{"damage":15,"enemies":"Exordium Wildlife","floor":13,"turns":7},{"damage":0,"enemies":"Exordium Thugs","floor":14,"turns":4},{"damage":50,"enemies":"Hexaghost","floor":16,"turns":13},{"damage":15,"enemies":"Chosen","floor":18,"turns":6},{"damage":6,"enemies":"Spheric Guardian","floor":21,"turns":4},{"damage":0,"enemies":"Cultist and Chosen","floor":22,"turns":4},{"damage":0,"enemies":"Shelled Parasite and Fungi","floor":24,"turns":4},{"damage":3,"enemies":"Snecko","floor":25,"turns":4},{"damage":1,"enemies":"Snake Plant","floor":27,"turns":3},{"damage":7,"enemies":"Book of Stabbing","floor":28,"turns":6},{"damage":0,"enemies":"3 Cultists","floor":29,"turns":3},{"damage":37,"enemies":"Gremlin Leader","floor":31,"turns":6},{"damage":15,"enemies":"Collector","floor":33,"turns":6},{"damage":0,"enemies":"3 Shapes","floor":35,"turns":3},{"damage":4,"enemies":"3 Darklings","floor":38,"turns":2},{"damage":31,"enemies":"4 Shapes","floor":41,"turns":4},{"damage":6,"enemies":"Jaw Worm Horde","floor":45,"turns":2},{"damage":20,"enemies":"Mind Bloom Boss Battle","floor":48,"turns":6},{"damage":42,"enemies":"Time Eater","floor":50,"turns":12}],"seed_played":"699292145874683950","potions_obtained":[{"floor":2,"key":"AttackPotion"},{"floor":7,"key":"Regen Potion"},{"floor":16,"key":"SkillPotion"},{"floor":18,"key":"Swift Potion"},{"floor":21,"key":"SkillPotion"},{"floor":24,"key":"Block Potion"},{"floor":29,"key":"Swift Potion"},{"floor":38,"key":"DistilledChaos"},{"floor":41,"key":"PowerPotion"},{"floor":48,"key":"Strength Potion"}],"is_trial":false,"path_per_floor":["M","M","?","M","?","R","M","R","T","M","R","M","M","M","R","B",null,"M","?","$","M","M","R","M","M","T","M","E","M","R","E","R","B",null,"M","?","$","M","$","R","M","R","T","?","M","R","?","?","R","B",null],"character_chosen":"DEFECT","items_purchased":["Defragment","Tempest","Capacitor","Glacier+1","Capacitor"],"campfire_rested":3,"item_purchase_floors":[20,20,37,39,39],"current_hp_per_floor":[63,63,63,63,56,56,56,56,56,56,56,56,41,41,41,6,63,48,48,48,42,42,42,42,39,39,38,31,31,55,18,42,52,75,75,75,75,71,71,71,40,64,64,64,58,58,58,58,58,36],"gold":154,"neow_bonus":"TEN_PERCENT_HP_BONUS","is_prod":false,"is_daily":false,"chose_seed":false,"campfire_upgraded":8,"win_rate":0,"timestamp":1693180210,"path_taken":["M","M","?","M","?","R","M","R","T","M","R","M","M","M","R","BOSS","M","?","$","M","M","R","M","M","T","M","E","M","R","E","R","BOSS","M","?","$","M","$","R","M","R","T","?","M","R","?","?","R","BOSS"],"build_version":"2022-12-18","purchased_purges":3,"victory":true,"max_hp_per_floor":[82,82,82,82,82,82,82,82,82,82,82,82,82,82,82,82,82,82,82,82,82,82,82,82,82,82,82,82,82,82,82,82,82,82,82,82,82,82,82,82,82,82,82,78,78,78,78,78,78,78],"card_choices":[{"not_picked":["Redo","Turbo","Hello World"],"picked":"SKIP","floor":1},{"not_picked":["Redo","Streamline"],"picked":"Chill","floor":2},{"not_picked":["Storm","Steam Power"],"picked":"Auto Shields","floor":4},{"not_picked":["Compile Driver","Stack"],"picked":"Coolheaded","floor":7},{"not_picked":["Blizzard","Steam"],"picked":"Defragment","floor":10},{"not_picked":["Aggregate","Stack","Conserve Battery"],"picked":"SKIP","floor":12},{"not_picked":["Compile Driver","White Noise","Gash"],"picked":"SKIP","floor":13},{"not_picked":["Thunder Strike","Storm","Gash"],"picked":"SKIP","floor":14},{"not_picked":["Machine Learning","Multi-Cast"],"picked":"Electrodynamics","floor":16},{"not_picked":["Turbo","Darkness","Sunder+1"],"picked":"SKIP","floor":18},{"not_picked":["Barrage+1","Beam Cell","Compile Driver+1"],"picked":"SKIP","floor":21},{"not_picked":["Stack","Go for the Eyes"],"picked":"Ball Lightning","floor":22},{"not_picked":["Chaos","Rebound"],"picked":"Go for the Eyes","floor":24},{"not_picked":["Ball Lightning","Turbo"],"picked":"Defragment+1","floor":25},{"not_picked":["Blizzard","Aggregate+1","Scrape+1"],"picked":"SKIP","floor":27},{"not_picked":["Scrape","Creative AI","Ball Lightning+1"],"picked":"SKIP","floor":28},{"not_picked":["Aggregate+1","Melter"],"picked":"Tempest+1","floor":29},{"not_picked":["Barrage","Genetic Algorithm+1","Doom and Gloom"],"picked":"SKIP","floor":31},{"not_picked":["Machine Learning","Core Surge"],"picked":"Reboot+1","floor":33},{"not_picked":["Hologram+1","Hello World+1","Storm"],"picked":"SKIP","floor":35},{"not_picked":["PanicButton+1","Panache"],"picked":"Blind+1","floor":36},{"not_picked":["Turbo+1","Hologram+1","Barrage"],"picked":"SKIP","floor":38},{"not_picked":["Beam Cell","Ball Lightning+1","Double Energy+1"],"picked":"SKIP","floor":41},{"not_picked":["Ball Lightning","Hologram+1"],"picked":"Steam+1","floor":45}],"player_experience":398811,"relics_obtained":[{"floor":9,"key":"Smiling Mask"},{"floor":26,"key":"Toxic Egg 2"},{"floor":28,"key":"Pantograph"},{"floor":31,"key":"Vajra"},{"floor":43,"key":"Pen Nib"},{"floor":48,"key":"Ginger"}],"event_choices":[{"cards_removed":["Strike_B"],"damage_healed":0,"gold_gain":0,"player_choice":"Card Removal","damage_taken":0,"max_hp_gain":0,"max_hp_loss":0,"event_name":"The Cleric","floor":3,"gold_loss":50},{"cards_removed":["Strike_B"],"damage_healed":0,"gold_gain":0,"player_choice":"Card Removal","damage_taken":7,"max_hp_gain":0,"max_hp_loss":0,"event_name":"Golden Wing","floor":5,"gold_loss":0},{"damage_healed":0,"gold_gain":0,"player_choice":"Ignored","damage_taken":0,"max_hp_gain":0,"max_hp_loss":0,"event_name":"Cursed Tome","floor":19,"gold_loss":0},{"damage_healed":0,"gold_gain":0,"player_choice":"Memory 1","damage_taken":0,"max_hp_gain":0,"max_hp_loss":0,"event_name":"SensoryStone","floor":36,"gold_loss":0},{"damage_healed":0,"gold_gain":0,"player_choice":"Max HP","damage_taken":0,"max_hp_gain":0,"max_hp_loss":4,"event_name":"Winding Halls","floor":44,"gold_loss":0},{"damage_healed":0,"gold_gain":0,"player_choice":"Ignored","damage_taken":0,"max_hp_gain":0,"max_hp_loss":0,"event_name":"Mysterious Sphere","floor":47,"gold_loss":0},{"damage_healed":0,"gold_gain":0,"player_choice":"Fight","damage_taken":0,"max_hp_gain":0,"max_hp_loss":0,"event_name":"MindBloom","floor":48,"gold_loss":0}],"is_beta":false,"boss_relics":[{"not_picked":["Ectoplasm","SlaversCollar"],"picked":"Velvet Choker"},{"not_picked":["Coffee Dripper","Snecko Eye"],"picked":"Cursed Key"}],"items_purged_floors":[20,37,39],"is_endless":false,"potions_floor_spawned":[2,7,12,16,18,21,24,29,38,41,48],"ascension_level":11}