{"gold_per_floor":[114,132,132,54,54,54,69,69,69,69,89,106,124,124,124,228,228,239,239,273,20,74,74,108,131,143,155,183,220,95,111,111,207,207,219,26,26,43,43,43,63,78,104,104,122,141,160,210,210,210],"floor_reached":51,"playtime":2219,"items_purged":["Strike_B","Strike_B","Defend_B"],"score":994,"play_id":"56a90e0e-ab84-4619-8b02-1f21a4157241","local_time":"20230826145814","is_ascension_mode":true,"campfire_choices":[{"data":"Defragment","floor":6,"key":"SMITH"},{"data":"Zap","floor":8,"key":"SMITH"},{"data":"Redo","floor":10,"key":"SMITH"},{"data":"Loop","floor":15,"key":"SMITH"},{"data":"Go for the Eyes","floor":23,"key":"SMITH"},{"data":"Consume","floor":27,"key":"SMITH"},{"data":"Loop","floor":32,"key":"SMITH"},{"data":"Machine Learning","floor":40,"key":"SMITH"},{"floor":49,"key":"REST"}],"neow_cost":"NONE","seed_source_timestamp":1516103280086500,"circlet_count":0,"master_deck":["AscendersBane","Defend_B","Zap+1","Dualcast","Redo+1","Loop+1","Defragment+1","Leap","Cold Snap","Cold Snap","Core Surge","Consume+1","Ball Lightning","Go for the Eyes+1","Self Repair","Coolheaded","Loop+1","Electrodynamics","Lockon","Machine Learning+1","Capacitor+1","Lockon"],"relics":["Cracked Core","Meat on the Bone","Pear","Empty Cage","Red Mask","Membership Card","Blood Vial","MawBank","Pen Nib","Happy Flower","Philosopher\u0027s Stone","White Beast Statue","Smiling Mask","Unceasing Top"],"potions_floor_usage":[20,20,24,24,24,24,24,24,24,33,45,46,50,50],"damage_taken":[{"damage":0,"enemies":"Small Slimes","floor":1,"turns":3},{"damage":0,"enemies":"Cultist","floor":2,"turns":3},{"damage":3,"enemies":"2 Louse","floor":7,"turns":3},{"damage":17,"enemies":"Exordium Thugs","floor":11,"turns":5},{"damage":11,"enemies":"Large Slime","floor":12,"turns":5},{"damage":11,"enemies":"Exordium Wildlife","floor":13,"turns":3},{"damage":25,"enemies":"Hexaghost","floor":16,"turns":11},{"damage":3,"enemies":"Chosen","floor":18,"turns":8},{"damage":41,"enemies":"Masked Bandits","floor":20,"turns":6},{"damage":43,"enemies":"Gremlin Leader","floor":24,"turns":9},{"damage":5,"enemies":"3 Byrds","floor":25,"turns":5},{"damage":3,"enemies":"Cultist and Chosen","floor":28,"turns":7},{"damage":57,"enemies":"Slavers","floor":29,"turns":7},{"damage":0,"enemies":"Chosen and Byrds","floor":31,"turns":4},{"damage":28,"enemies":"Collector","floor":33,"turns":6},{"damage":7,"enemies":"3 Shapes","floor":35,"turns":6},{"damage":22,"enemies":"Orb Walker","floor":38,"turns":4},{"damage":2,"enemies":"Sphere and 2 Shapes","floor":41,"turns":5},{"damage":31,"enemies":"Writhing Mass","floor":42,"turns":6},{"damage":16,"enemies":"4 Shapes","floor":45,"turns":4},{"damage":71,"enemies":"Jaw Worm Horde","floor":46,"turns":4},{"damage":25,"enemies":"3 Darklings","floor":47,"turns":5},{"damage":10,"enemies":"Mind Bloom Boss Battle","floor":48,"turns":5},{"damage":46,"enemies":"Donu and Deca","floor":50,"turns":6}],"seed_played":"3381947573032465491","potions_obtained":[{"floor":1,"key":"Energy Potion"},{"floor":11,"key":"BlessingOfTheForge"},{"floor":12,"key":"SteroidPotion"},{"floor":18,"key":"SkillPotion"},{"floor":20,"key":"EntropicBrew"},{"floor":29,"key":"Strength Potion"},{"floor":35,"key":"EssenceOfSteel"},{"floor":38,"key":"ColorlessPotion"},{"floor":41,"key":"FairyPotion"},{"floor":45,"key":"Explosive Potion"},{"floor":46,"key":"DistilledChaos"},{"floor":47,"key":"PowerPotion"}],"is_trial":false,"path_per_floor":["M","M","?","$","?","R","M","R","T","R","M","M","M","?","R","B",null,"M","?","?","$","T","R","E","M","T","R","M","E","$","M","R","B",null,"M","$","?","M","?","R","M","M","T","?","M","M","M","?","R","B",null],"character_chosen":"DEFECT","items_purchased":["Defragment","Membership Card","Self Repair","FocusPotion","Lockon","FairyPotion","White Beast Statue"],"campfire_rested":1,"item_purchase_floors":[4,21,21,21,30,30,36],"current_hp_per_floor":[75,75,75,75,75,75,72,72,72,72,55,44,45,55,55,42,80,77,77,48,48,48,48,26,42,42,42,60,24,24,45,45,38,79,81,81,81,68,68,68,75,65,65,65,58,45,41,52,78,53],"gold":210,"neow_bonus":"TEN_PERCENT_HP_BONUS","is_prod":false,"is_daily":false,"chose_seed":false,"campfire_upgraded":8,"win_rate":0,"timestamp":1693087094,"path_taken":["M","M","?","$","?","R","M","R","T","R","M","M","M","?","R","BOSS","M","?","?","$","?","R","E","M","T","R","M","E","$","M","R","BOSS","M","$","?","?","?","R","?","?","T","?","M","M","M","?","R","BOSS"],"build_version":"2022-12-18","purchased_purges":3,"victory":true,"max_hp_per_floor":[82,82,82,82,82,82,82,82,82,82,82,82,82,92,92,92,92,92,92,92,92,92,92,92,92,92,92,92,92,92,92,92,92,92,92,92,92,92,92,92,92,92,92,87,87,87,87,87,87,87],"card_choices":[{"not_picked":["Hello World","Double Energy"],"picked":"Redo","floor":1},{"not_picked":["Leap","Chill"],"picked":"Loop","floor":2},{"not_picked":["Stack","Beam Cell"],"picked":"Leap","floor":7},{"not_picked":["Recycle","Barrage"],"picked":"Cold Snap","floor":11},{"not_picked":["Sweeping Beam","All For One","Hologram"],"picked":"SKIP","floor":12},{"not_picked":["Turbo","Streamline"],"picked":"Cold Snap","floor":13},{"not_picked":["Thunder Strike","Echo Form"],"picked":"Core Surge","floor":16},{"not_picked":["Leap","Go for the Eyes"],"picked":"Consume","floor":18},{"not_picked":["BootSequence","Scrape+1"],"picked":"Go for the Eyes","floor":20},{"not_picked":["Doom and Gloom","Sunder+1"],"picked":"Coolheaded","floor":24},{"not_picked":["Cold Snap","Barrage","Leap"],"picked":"SKIP","floor":25},{"not_picked":["Barrage+1","Rainbow"],"picked":"Loop","floor":28},{"not_picked":["Gash+1","Compile Driver+1"],"picked":"Electrodynamics","floor":29},{"not_picked":["Turbo","Coolheaded+1","Sweeping Beam"],"picked":"SKIP","floor":31},{"not_picked":["Amplify","Electrodynamics"],"picked":"Machine Learning","floor":33},{"not_picked":["Sweeping Beam+1","Hologram+1"],"picked":"Capacitor+1","floor":35},{"not_picked":["Hello World+1","Compile Driver+1","Conserve Battery"],"picked":"SKIP","floor":38},{"not_picked":["Barrage+1","Streamline+1","Go for the Eyes"],"picked":"SKIP","floor":41},{"not_picked":["Rebound+1","Steam","Steam Power+1"],"picked":"SKIP","floor":42},{"not_picked":["Multi-Cast","Gash+1","Steam+1"],"picked":"SKIP","floor":45},{"not_picked":["Rip and Tear","Stack+1"],"picked":"Lockon","floor":46},{"not_picked":["Steam Power+1","Streamline","Skim"],"picked":"SKIP","floor":47}],"player_experience":378466,"relics_obtained":[{"floor":9,"key":"Meat on the Bone"},{"floor":20,"key":"Red Mask"},{"floor":22,"key":"Blood Vial"},{"floor":24,"key":"MawBank"},{"floor":26,"key":"Pen Nib"},{"floor":29,"key":"Happy Flower"},{"floor":43,"key":"Smiling Mask"},{"floor":48,"key":"Unceasing Top"}],"event_choices":[{"damage_healed":0,"gold_gain":0,"player_choice":"Cursed","damage_taken":0,"max_hp_gain":0,"max_hp_loss":0,"event_name":"Wheel of Change","floor":3,"gold_loss":0,"cards_obtained":["Decay"]},{"cards_removed":["Decay"],"damage_healed":0,"gold_gain":0,"player_choice":"Forget","damage_taken":0,"max_hp_gain":0,"max_hp_loss":0,"event_name":"Living Wall","floor":5,"gold_loss":0},{"damage_healed":0,"gold_gain":0,"player_choice":"Gave Potion","damage_taken":0,"relics_obtained":["Pear"],"max_hp_gain":0,"max_hp_loss":0,"event_name":"WeMeetAgain","floor":14,"gold_loss":0},{"damage_healed":0,"gold_gain":0,"player_choice":"Read","damage_taken":0,"max_hp_gain":0,"max_hp_loss":0,"event_name":"The Library","floor":19,"gold_loss":0,"cards_obtained":["Ball Lightning"]},{"damage_healed":0,"gold_gain":0,"player_choice":"Fought Bandits","damage_taken":0,"max_hp_gain":0,"max_hp_loss":0,"event_name":"Masked Bandits","floor":20,"gold_loss":0},{"cards_removed":["Defend_B"],"damage_healed":0,"gold_gain":0,"player_choice":"Card Removal","damage_taken":0,"max_hp_gain":0,"max_hp_loss":0,"event_name":"Wheel of Change","floor":37,"gold_loss":0},{"cards_removed":["Defend_B"],"damage_healed":0,"gold_gain":0,"player_choice":"Purged","damage_taken":0,"max_hp_gain":0,"max_hp_loss":0,"event_name":"Purifier","floor":39,"gold_loss":0},{"damage_healed":0,"gold_gain":0,"player_choice":"Max HP","damage_taken":0,"max_hp_gain":0,"max_hp_loss":5,"event_name":"Winding Halls","floor":44,"gold_loss":0},{"damage_healed":0,"gold_gain":0,"player_choice":"Fight","damage_taken":0,"max_hp_gain":0,"max_hp_loss":0,"event_name":"MindBloom","floor":48,"gold_loss":0}],"is_beta":false,"boss_relics":[{"not_picked":["Snecko Eye","Runic Dome"],"picked":"Empty Cage"},{"not_picked":["SlaversCollar","Astrolabe"],"picked":"Philosopher\u0027s Stone"}],"items_purged_floors":[21,30,36],"is_endless":false,"potions_floor_spawned":[1,11,12,18,20,29,35,38,41,42,45,46,47,48],"ascension_level":10}