{"gold_per_floor":[116,132,132,145,110,110,134,168,168,180,198,198,198,198,198,277,277,296,315,315,330,0,35,35,52,79,79,79,79,79,97,97,176,176,194,210,221,19,119,119,148,162,162,162,181,181,181,181,181,181],"floor_reached":51,"playtime":2527,"items_purged":["Strike_B","Defend_B"],"score":1150,"play_id":"c15111a2-40dd-4f2b-80fb-c6cdd9461d44","local_time":"20230902130908","is_ascension_mode":true,"campfire_choices":[{"data":"Zap","floor":6,"key":"SMITH"},{"floor":13,"key":"REST"},{"data":"Rip and Tear","floor":15,"key":"SMITH"},{"data":"Self Repair","floor":24,"key":"SMITH"},{"data":"Sunder","floor":32,"key":"SMITH"},{"data":"Go for the Eyes","floor":40,"key":"SMITH"},{"data":"Electrodynamics","floor":44,"key":"SMITH"},{"data":"Sweeping Beam","floor":47,"key":"SMITH"},{"data":"Dualcast","floor":49,"key":"SMITH"}],"neow_cost":"NONE","seed_source_timestamp":2114069504826400,"circlet_count":0,"master_deck":["AscendersBane","Defend_B","Defend_B","Defend_B+1","Zap+1","Dualcast+1","Go for the Eyes+1","Coolheaded+1","Rip and Tear+1","Sweeping Beam+1","Ball Lightning","Glacier+1","Fission+1","Loop+1","Self Repair+1","Multi-Cast+1","Sunder+1","Cold Snap","Leap+1","Electrodynamics+1","Glacier+1","Leap+1","Ball Lightning","Finesse+1","Discovery+1"],"relics":["Cracked Core","InkBottle","Odd Mushroom","Lizard Tail","Toxic Egg 2","Inserter","Lee\u0027s Waffle","War Paint","Vajra","White Beast Statue","Philosopher\u0027s Stone","Emotion Chip","Pantograph","The Courier"],"potions_floor_usage":[11,12,16,21,23,33,36,50,50,50,50],"damage_taken":[{"damage":3,"enemies":"Jaw Worm","floor":1,"turns":4},{"damage":13,"enemies":"Small Slimes","floor":2,"turns":3},{"damage":8,"enemies":"2 Louse","floor":4,"turns":2},{"damage":21,"enemies":"The Mushroom Lair","floor":7,"turns":4},{"damage":16,"enemies":"Lagavulin","floor":8,"turns":7},{"damage":0,"enemies":"2 Fungi Beasts","floor":10,"turns":2},{"damage":0,"enemies":"Gremlin Gang","floor":11,"turns":1},{"damage":0,"enemies":"Exordium Thugs","floor":12,"turns":1},{"damage":12,"enemies":"Hexaghost","floor":16,"turns":11},{"damage":0,"enemies":"Spheric Guardian","floor":18,"turns":3},{"damage":40,"enemies":"3 Byrds","floor":19,"turns":5},{"damage":0,"enemies":"Snecko","floor":21,"turns":7},{"damage":61,"enemies":"Gremlin Leader","floor":23,"turns":10},{"damage":29,"enemies":"3 Cultists","floor":25,"turns":7},{"damage":4,"enemies":"Centurion and Healer","floor":31,"turns":5},{"damage":101,"enemies":"Automaton","floor":33,"turns":16},{"damage":0,"enemies":"3 Darklings","floor":35,"turns":2},{"damage":9,"enemies":"3 Shapes","floor":36,"turns":2},{"damage":4,"enemies":"Sphere and 2 Shapes","floor":37,"turns":5},{"damage":9,"enemies":"Reptomancer","floor":41,"turns":7},{"damage":9,"enemies":"Transient","floor":42,"turns":5},{"damage":7,"enemies":"Writhing Mass","floor":45,"turns":9},{"damage":46,"enemies":"Donu and Deca","floor":50,"turns":8}],"seed_played":"7402724472351253985","potions_obtained":[{"floor":7,"key":"Explosive Potion"},{"floor":10,"key":"SmokeBomb"},{"floor":11,"key":"Regen Potion"},{"floor":18,"key":"EssenceOfSteel"},{"floor":19,"key":"Energy Potion"},{"floor":25,"key":"EssenceOfSteel"},{"floor":33,"key":"Ancient Potion"},{"floor":35,"key":"Swift Potion"},{"floor":36,"key":"Fire Potion"},{"floor":41,"key":"EntropicBrew"}],"is_trial":false,"path_per_floor":["M","M","?","M","?","R","?","E","T","M","M","M","R","?","R","B",null,"M","M","?","M","$","E","R","M","T","T","?","?","$","M","R","B",null,"M","M","M","$","?","R","E","M","T","R","M","T","R","?","R","B",null],"character_chosen":"DEFECT","items_purchased":["Lee\u0027s Waffle","FairyPotion","FocusPotion","Ball Lightning"],"campfire_rested":1,"item_purchase_floors":[22,22,38,38],"current_hp_per_floor":[68,55,30,22,41,41,20,4,4,4,4,4,27,27,27,30,66,66,26,19,26,85,31,31,12,12,12,12,40,40,36,36,39,74,84,85,85,85,85,85,85,85,85,85,85,85,85,75,75,49],"gold":181,"neow_bonus":"TEN_PERCENT_HP_BONUS","is_prod":false,"is_daily":false,"chose_seed":false,"campfire_upgraded":8,"win_rate":0,"timestamp":1693685348,"path_taken":["M","M","?","M","?","R","?","E","T","M","M","M","R","?","R","BOSS","M","M","?","M","$","E","R","?","T","?","?","?","$","M","R","BOSS","M","M","M","$","?","R","E","?","T","R","M","?","R","?","R","BOSS"],"build_version":"2022-12-18","purchased_purges":2,"victory":true,"max_hp_per_floor":[78,78,78,78,78,78,78,78,78,78,78,78,78,78,78,78,78,78,78,78,78,85,85,85,85,85,85,85,85,85,85,85,85,85,85,85,85,85,85,85,85,85,85,85,85,85,85,85,85,85],"card_choices":[{"not_picked":["Turbo","Steam"],"picked":"Go for the Eyes","floor":1},{"not_picked":["Sweeping Beam","Reprogram"],"picked":"Coolheaded","floor":2},{"not_picked":["Leap","Reprogram"],"picked":"Rip and Tear","floor":4},{"not_picked":["Barrage","Beam Cell"],"picked":"Sweeping Beam","floor":7},{"not_picked":["Leap","Turbo"],"picked":"Ball Lightning","floor":8},{"not_picked":["Barrage","Meteor Strike","Rebound"],"picked":"SKIP","floor":10},{"not_picked":["Barrage","Chaos+1"],"picked":"Glacier+1","floor":11},{"not_picked":["Thunder Strike","Hyperbeam"],"picked":"Fission+1","floor":16},{"not_picked":["Double Energy+1","Coolheaded+1"],"picked":"Loop+1","floor":18},{"not_picked":["Streamline","Doom and Gloom"],"picked":"Self Repair","floor":19},{"not_picked":["Redo+1","Cold Snap","Compile Driver"],"picked":"SKIP","floor":21},{"not_picked":["Doom and Gloom+1","Redo+1"],"picked":"Multi-Cast+1","floor":23},{"not_picked":["Melter","Recycle+1","Reprogram+1"],"picked":"SKIP","floor":25},{"not_picked":["Rebound","Self Repair"],"picked":"Leap+1","floor":31},{"not_picked":["Thunder Strike","Multi-Cast+1"],"picked":"Electrodynamics","floor":33},{"not_picked":["Barrage","Conserve Battery+1"],"picked":"Glacier+1","floor":35},{"not_picked":["Self Repair","Rebound","Turbo+1"],"picked":"SKIP","floor":36},{"not_picked":["Aggregate+1","Streamline+1"],"picked":"Leap+1","floor":37},{"not_picked":["Redo+1","Cold Snap","Stack+1"],"picked":"SKIP","floor":41},{"not_picked":["Doom and Gloom","Recycle+1","Ball Lightning"],"picked":"SKIP","floor":42},{"not_picked":["Cold Snap","Rainbow+1","Aggregate+1"],"picked":"SKIP","floor":45},{"not_picked":["PanicButton+1","Trip+1"],"picked":"Finesse+1","floor":48},{"not_picked":["Apotheosis+1","Purity+1"],"picked":"Discovery+1","floor":48}],"player_experience":447674,"relics_obtained":[{"floor":7,"key":"Odd Mushroom"},{"floor":8,"key":"Lizard Tail"},{"floor":9,"key":"Toxic Egg 2"},{"floor":23,"key":"War Paint"},{"floor":26,"key":"Vajra"},{"floor":27,"key":"White Beast Statue"},{"floor":41,"key":"Emotion Chip"},{"floor":43,"key":"Pantograph"},{"floor":46,"key":"The Courier"}],"event_choices":[{"damage_healed":0,"gold_gain":0,"player_choice":"Success","damage_taken":25,"relics_obtained":["InkBottle"],"max_hp_gain":0,"max_hp_loss":0,"event_name":"Scrap Ooze","floor":3,"gold_loss":0},{"damage_healed":19,"gold_gain":0,"player_choice":"Healed","damage_taken":0,"max_hp_gain":0,"max_hp_loss":0,"event_name":"The Cleric","floor":5,"gold_loss":35},{"damage_healed":0,"gold_gain":0,"player_choice":"Fought Mushrooms","damage_taken":0,"max_hp_gain":0,"max_hp_loss":0,"event_name":"Mushrooms","floor":7,"gold_loss":0},{"cards_removed":["Strike_B"],"damage_healed":0,"gold_gain":0,"player_choice":"Forget","damage_taken":0,"max_hp_gain":0,"max_hp_loss":0,"event_name":"Living Wall","floor":14,"gold_loss":0},{"damage_healed":0,"gold_gain":0,"player_choice":"Damaged","damage_taken":7,"max_hp_gain":0,"max_hp_loss":0,"event_name":"Wheel of Change","floor":20,"gold_loss":0},{"damage_healed":0,"gold_gain":0,"cards_transformed":["Strike_B","Strike_B"],"player_choice":"Became Test Subject","damage_taken":0,"max_hp_gain":0,"max_hp_loss":0,"event_name":"Drug Dealer","floor":28,"gold_loss":0,"cards_obtained":["Sunder","Cold Snap"]},{"damage_healed":28,"gold_gain":0,"player_choice":"Heal","damage_taken":0,"max_hp_gain":0,"max_hp_loss":0,"event_name":"The Library","floor":29,"gold_loss":0},{"damage_healed":0,"gold_gain":100,"player_choice":"Pray","damage_taken":0,"max_hp_gain":0,"max_hp_loss":0,"event_name":"Golden Shrine","floor":39,"gold_loss":0},{"damage_healed":0,"gold_gain":0,"player_choice":"Memory 3","damage_taken":10,"max_hp_gain":0,"max_hp_loss":0,"event_name":"SensoryStone","floor":48,"gold_loss":0}],"is_beta":false,"boss_relics":[{"not_picked":["Tiny House","Empty Cage"],"picked":"Inserter"},{"not_picked":["SacredBark","Coffee Dripper"],"picked":"Philosopher\u0027s Stone"}],"items_purged_floors":[22,38],"is_endless":false,"potions_floor_spawned":[7,10,11,18,19,25,31,33,35,36,37,41,42,45],"ascension_level":14}