{"gold_per_floor":[111,43,55,7,27,27,53,63,63,63,75,75,103,53,53,127,127,146,161,161,238,254,254,273,290,317,317,230,230,53,53,53,130,130,150,165,165,115,133,158,158,191,191,191,216,27,27,38,38,38],"floor_reached":51,"playtime":2137,"items_purged":["Strike_B","Strike_B","Hologram","Force Field"],"score":1410,"play_id":"2cee409e-9847-4c90-a410-43a9d8f03844","local_time":"20230902203509","is_ascension_mode":true,"campfire_choices":[{"data":"Zap","floor":6,"key":"SMITH"},{"data":"Consume","floor":10,"key":"SMITH"},{"data":"Lockon","floor":12,"key":"SMITH"},{"data":"Defend_B","floor":15,"key":"SMITH"},{"data":"Seek","floor":23,"key":"SMITH"},{"data":"Chill","floor":27,"key":"SMITH"},{"data":"Reinforced Body","floor":29,"key":"SMITH"},{"floor":32,"key":"REST"},{"data":"Capacitor","floor":41,"key":"SMITH"},{"data":"Electrodynamics","floor":44,"key":"SMITH"},{"floor":49,"key":"REST"}],"neow_cost":"NONE","seed_source_timestamp":2141249225936200,"circlet_count":0,"master_deck":["AscendersBane","Defend_B","Defend_B","Defend_B","Defend_B+1","Zap+1","Dualcast","Lockon+1","Coolheaded","FTL","Reinforced Body+1","Consume+1","Coolheaded","Seek+1","Ball Lightning+1","Reinforced Body","Static Discharge","Chill+1","Ball Lightning","Capacitor+1","Static Discharge","Electrodynamics+1","Coolheaded+1","Stack+1","Capacitor+1","Biased Cognition"],"relics":["Cracked Core","Smiling Mask","Regal Pillow","Ornamental Fan","Omamori","DataDisk","Velvet Choker","The Courier","Blood Vial","Philosopher\u0027s Stone","Bottled Lightning","Question Card","Bottled Flame","Mango"],"potions_floor_usage":[7,8,8,16,16,33,50,50,50],"damage_taken":[{"damage":4,"enemies":"2 Louse","floor":1,"turns":2},{"damage":0,"enemies":"Cultist","floor":3,"turns":2},{"damage":0,"enemies":"Jaw Worm","floor":5,"turns":3},{"damage":6,"enemies":"Lagavulin","floor":7,"turns":6},{"damage":0,"enemies":"Exordium Wildlife","floor":8,"turns":3},{"damage":17,"enemies":"Lots of Slimes","floor":11,"turns":4},{"damage":16,"enemies":"Gremlin Nob","floor":13,"turns":4},{"damage":0,"enemies":"Slime Boss","floor":16,"turns":9},{"damage":0,"enemies":"Chosen","floor":18,"turns":4},{"damage":19,"enemies":"3 Byrds","floor":19,"turns":4},{"damage":0,"enemies":"Snecko","floor":22,"turns":5},{"damage":3,"enemies":"Snake Plant","floor":24,"turns":5},{"damage":3,"enemies":"Shelled Parasite and Fungi","floor":25,"turns":8},{"damage":25,"enemies":"Champ","floor":33,"turns":9},{"damage":3,"enemies":"Orb Walker","floor":35,"turns":4},{"damage":0,"enemies":"3 Shapes","floor":36,"turns":2},{"damage":0,"enemies":"Spire Growth","floor":39,"turns":5},{"damage":15,"enemies":"Reptomancer","floor":40,"turns":5},{"damage":13,"enemies":"Giant Head","floor":42,"turns":8},{"damage":0,"enemies":"Mind Bloom Boss Battle","floor":45,"turns":4},{"damage":0,"enemies":"Transient","floor":48,"turns":5},{"damage":0,"enemies":"Awakened One","floor":50,"turns":9}],"seed_played":"7650223095081364503","potions_obtained":[{"floor":3,"key":"SneckoOil"},{"floor":7,"key":"Regen Potion"},{"floor":8,"key":"Fruit Juice"},{"floor":13,"key":"ColorlessPotion"},{"floor":19,"key":"SkillPotion"},{"floor":22,"key":"EntropicBrew"},{"floor":24,"key":"BlessingOfTheForge"},{"floor":40,"key":"SteroidPotion"},{"floor":42,"key":"PotionOfCapacity"}],"is_trial":false,"path_per_floor":["M","?","M","$","M","R","E","M","T","R","M","R","E","$","R","B",null,"M","M","?","T","M","R","M","M","T","R","$","R","$","?","R","B",null,"M","M","?","$","M","E","R","E","T","R","?","$","$","M","R","B",null],"character_chosen":"DEFECT","items_purchased":["Fire Potion","Ball Lightning","Capacitor","Static Discharge","Ancient Potion","Biased Cognition"],"campfire_rested":2,"item_purchase_floors":[4,28,30,30,46,46],"current_hp_per_floor":[60,60,60,60,60,60,54,59,59,59,42,42,26,26,26,41,67,67,48,48,48,48,48,45,42,42,42,42,42,42,21,58,35,66,65,67,67,67,69,56,56,45,45,45,61,61,61,63,90,90],"gold":38,"neow_bonus":"RANDOM_COMMON_RELIC","is_prod":false,"is_daily":false,"chose_seed":false,"campfire_upgraded":9,"win_rate":0,"timestamp":1693712109,"path_taken":["M","?","M","$","M","R","E","?","T","R","M","R","E","?","R","BOSS","M","M","?","?","M","R","M","?","T","R","$","R","$","?","R","BOSS","M","M","?","$","M","E","R","E","T","R","?","?","$","M","R","BOSS"],"build_version":"2022-12-18","purchased_purges":4,"victory":true,"max_hp_per_floor":[71,71,71,71,71,71,71,76,76,76,76,76,76,76,76,76,76,76,76,76,76,76,76,76,76,76,76,76,76,76,76,76,76,76,76,76,76,76,76,76,76,76,76,76,90,90,90,90,90,90],"card_choices":[{"not_picked":["Leap","Redo"],"picked":"Lockon","floor":1},{"not_picked":["Go for the Eyes","Streamline"],"picked":"Coolheaded","floor":3},{"not_picked":["Steam","Turbo"],"picked":"FTL","floor":5},{"not_picked":["Recycle","Rip and Tear"],"picked":"Reinforced Body","floor":7},{"not_picked":["Sweeping Beam","Self Repair"],"picked":"Consume","floor":8},{"not_picked":["Stack","Redo","Gash"],"picked":"SKIP","floor":11},{"not_picked":["Redo","Steam"],"picked":"Coolheaded","floor":13},{"not_picked":["Amplify","Rainbow"],"picked":"Seek","floor":16},{"not_picked":["Sweeping Beam","Cold Snap"],"picked":"Ball Lightning+1","floor":18},{"not_picked":["Sunder","Heatsinks"],"picked":"Reinforced Body","floor":19},{"not_picked":["Compile Driver","Beam Cell","Reprogram+1"],"picked":"SKIP","floor":22},{"not_picked":["Meteor Strike","Ball Lightning"],"picked":"Static Discharge","floor":24},{"not_picked":["Static Discharge","Rebound+1"],"picked":"Chill","floor":25},{"not_picked":["Rainbow","All For One"],"picked":"Electrodynamics","floor":33},{"not_picked":["Stack","Go for the Eyes"],"picked":"Coolheaded+1","floor":35},{"not_picked":["Sweeping Beam+1","Beam Cell+1"],"picked":"Stack+1","floor":36},{"not_picked":["Tempest","Cold Snap"],"picked":"Capacitor+1","floor":39},{"not_picked":["Sweeping Beam","Turbo","Hyperbeam"],"picked":"SKIP","floor":40},{"not_picked":["Double Energy","Sweeping Beam","Streamline"],"picked":"SKIP","floor":42},{"not_picked":["Cold Snap","Ball Lightning","Static Discharge","Hello World"],"picked":"SKIP","floor":48}],"player_experience":451346,"relics_obtained":[{"floor":7,"key":"Ornamental Fan"},{"floor":9,"key":"Omamori"},{"floor":13,"key":"DataDisk"},{"floor":21,"key":"The Courier"},{"floor":26,"key":"Blood Vial"},{"floor":40,"key":"Bottled Lightning"},{"floor":42,"key":"Question Card"},{"floor":43,"key":"Bottled Flame"},{"floor":45,"key":"Mango"}],"event_choices":[{"damage_healed":0,"gold_gain":0,"player_choice":"Paid Gold","damage_taken":0,"relics_obtained":["Regal Pillow"],"max_hp_gain":0,"max_hp_loss":0,"event_name":"WeMeetAgain","floor":2,"gold_loss":68},{"damage_healed":0,"gold_gain":0,"cards_transformed":["Strike_B","Strike_B"],"player_choice":"Became Test Subject","damage_taken":0,"max_hp_gain":0,"max_hp_loss":0,"event_name":"Drug Dealer","floor":20,"gold_loss":0,"cards_obtained":["Force Field","Hologram"]},{"damage_healed":0,"gold_gain":0,"player_choice":"Obtained Book","damage_taken":21,"max_hp_gain":0,"max_hp_loss":0,"event_name":"Cursed Tome","floor":31,"gold_loss":0},{"damage_healed":0,"gold_gain":0,"player_choice":"Ignored","damage_taken":0,"max_hp_gain":0,"max_hp_loss":0,"event_name":"Tomb of Lord Red Mask","floor":37,"gold_loss":0},{"damage_healed":0,"gold_gain":0,"player_choice":"Fight","damage_taken":0,"max_hp_gain":0,"max_hp_loss":0,"event_name":"MindBloom","floor":45,"gold_loss":0}],"is_beta":false,"boss_relics":[{"not_picked":["SlaversCollar","Coffee Dripper"],"picked":"Velvet Choker"},{"not_picked":["SacredBark","Pandora\u0027s Box"],"picked":"Philosopher\u0027s Stone"}],"items_purged_floors":[14,28,30,38],"is_endless":false,"potions_floor_spawned":[3,7,8,13,19,22,24,40,42],"ascension_level":15}