{"gold_per_floor":[117,129,129,54,74,74,87,116,185,185,198,212,212,243,243,342,342,358,20,20,36,36,36,53,83,95,107,129,141,164,31,31,127,127,138,157,95,166,166,166,166,194,219,235,235,250,250,266,266,266],"floor_reached":51,"playtime":2050,"items_purged":["Strike_B","Strike_B+1"],"score":1101,"play_id":"953a402b-b764-4348-9b23-e9d83114ebcb","local_time":"20230828233754","is_ascension_mode":true,"campfire_choices":[{"data":"Dualcast","floor":6,"key":"SMITH"},{"floor":10,"key":"DIG"},{"floor":13,"key":"REST"},{"data":"White Noise","floor":15,"key":"SMITH"},{"data":"Defragment","floor":23,"key":"SMITH"},{"data":"Biased Cognition","floor":29,"key":"SMITH"},{"data":"Leap","floor":32,"key":"SMITH"},{"data":"Lockon","floor":40,"key":"SMITH"},{"data":"Apotheosis","floor":45,"key":"SMITH"},{"floor":47,"key":"DIG"},{"floor":49,"key":"REST"}],"neow_cost":"NONE","seed_source_timestamp":1720275779048900,"circlet_count":0,"master_deck":["AscendersBane","Defend_B+1","Defend_B+1","Defend_B+1","Defend_B+1","Zap+1","Dualcast+1","Skim","Coolheaded","Cold Snap","Tempest","White Noise+1","Steam","Ball Lightning","Biased Cognition+1","Defragment+1","Self Repair","Leap+1","Capacitor+1","Auto Shields","Core Surge","Core Surge","Glacier","Lockon+1","Apotheosis+1","Capacitor+1"],"relics":["Cracked Core","Shovel","Darkstone Periapt","Bag of Preparation","Orichalcum","Runic Dome","Frozen Egg 2","MawBank","The Courier","SlaversCollar","Question Card","Oddly Smooth Stone","Art of War","Boot"],"potions_floor_usage":[8,8,14,16,25,28,50,50],"damage_taken":[{"damage":0,"enemies":"Cultist","floor":1,"turns":3},{"damage":0,"enemies":"Small Slimes","floor":2,"turns":3},{"damage":2,"enemies":"2 Louse","floor":5,"turns":2},{"damage":13,"enemies":"Lots of Slimes","floor":7,"turns":3},{"damage":23,"enemies":"Gremlin Nob","floor":8,"turns":5},{"damage":3,"enemies":"Looter","floor":11,"turns":4},{"damage":0,"enemies":"Large Slime","floor":12,"turns":6},{"damage":3,"enemies":"3 Sentries","floor":14,"turns":5},{"damage":26,"enemies":"Hexaghost","floor":16,"turns":10},{"damage":13,"enemies":"2 Thieves","floor":18,"turns":3},{"damage":0,"enemies":"Spheric Guardian","floor":21,"turns":3},{"damage":6,"enemies":"Chosen and Byrds","floor":24,"turns":5},{"damage":24,"enemies":"Slavers","floor":25,"turns":7},{"damage":0,"enemies":"3 Cultists","floor":28,"turns":5},{"damage":12,"enemies":"Snake Plant","floor":30,"turns":4},{"damage":26,"enemies":"Collector","floor":33,"turns":8},{"damage":6,"enemies":"Orb Walker","floor":35,"turns":4},{"damage":0,"enemies":"3 Shapes","floor":36,"turns":5},{"damage":13,"enemies":"Giant Head","floor":42,"turns":8},{"damage":16,"enemies":"Sphere and 2 Shapes","floor":44,"turns":4},{"damage":22,"enemies":"Transient","floor":46,"turns":5},{"damage":0,"enemies":"Spire Growth","floor":48,"turns":4},{"damage":12,"enemies":"Donu and Deca","floor":50,"turns":12}],"seed_played":"5532173813273000996","potions_obtained":[{"floor":1,"key":"Block Potion"},{"floor":5,"key":"CultistPotion"},{"floor":12,"key":"FocusPotion"},{"floor":14,"key":"BlessingOfTheForge"},{"floor":24,"key":"Weak Potion"},{"floor":25,"key":"SkillPotion"},{"floor":28,"key":"FearPotion"},{"floor":42,"key":"Ancient Potion"},{"floor":46,"key":"Strength Potion"},{"floor":48,"key":"AttackPotion"}],"is_trial":false,"path_per_floor":["M","M","?","$","M","R","M","E","T","R","M","M","R","E","R","B",null,"M","$","?","M","?","R","M","E","T","?","M","R","M","$","R","B",null,"M","M","$","T","?","R","?","E","T","M","R","M","R","M","R","B",null],"character_chosen":"DEFECT","items_purchased":["Self Repair","Frozen Egg 2","Leap","Core Surge","Lockon"],"campfire_rested":2,"item_purchase_floors":[19,19,19,31,37],"current_hp_per_floor":[68,68,61,61,59,59,46,23,23,23,20,20,42,39,39,13,60,47,47,47,54,54,54,55,38,38,63,70,70,65,65,65,46,68,69,75,75,75,75,75,75,72,72,56,56,44,44,54,75,73],"gold":266,"neow_bonus":"UPGRADE_CARD","is_prod":false,"is_daily":false,"chose_seed":false,"campfire_upgraded":7,"win_rate":0,"timestamp":1693291074,"path_taken":["M","?","?","$","M","R","M","E","T","R","M","M","R","E","R","BOSS","M","$","?","?","?","R","M","E","T","?","M","R","M","?","R","BOSS","M","M","?","?","?","R","?","E","T","M","R","M","R","M","R","BOSS"],"build_version":"2022-12-18","purchased_purges":2,"victory":true,"max_hp_per_floor":[75,75,75,75,75,75,75,75,75,75,75,75,75,75,75,75,75,75,75,75,75,75,75,75,75,75,75,75,75,75,75,75,75,75,75,75,75,75,75,75,75,75,75,75,75,75,75,75,75,75],"card_choices":[{"not_picked":["Hello World","Redo"],"picked":"Skim","floor":1},{"not_picked":["Double Energy","Conserve Battery"],"picked":"Coolheaded","floor":2},{"not_picked":["Blizzard","Steam"],"picked":"Cold Snap","floor":5},{"not_picked":["Turbo","Gash","Cold Snap"],"picked":"SKIP","floor":7},{"not_picked":["Storm","Meteor Strike"],"picked":"Tempest","floor":8},{"not_picked":["Compile Driver","Barrage"],"picked":"White Noise","floor":11},{"not_picked":["Aggregate","Gash"],"picked":"Steam","floor":12},{"not_picked":["Fusion","Steam"],"picked":"Ball Lightning","floor":14},{"not_picked":["Echo Form","Multi-Cast"],"picked":"Biased Cognition","floor":16},{"not_picked":["Gash","Go for the Eyes"],"picked":"Defragment","floor":18},{"not_picked":["Coolheaded","Stack"],"picked":"Capacitor+1","floor":21},{"not_picked":["Gash","Hologram"],"picked":"Auto Shields","floor":24},{"not_picked":["Undo","Skim","Turbo"],"picked":"SKIP","floor":25},{"not_picked":["Auto Shields","Streamline","Heatsinks+1"],"picked":"SKIP","floor":28},{"not_picked":["Rebound","Double Energy+1","Conserve Battery"],"picked":"SKIP","floor":30},{"not_picked":["Rainbow","Meteor Strike"],"picked":"Core Surge","floor":33},{"not_picked":["Compile Driver","Barrage","Steam"],"picked":"SKIP","floor":35},{"not_picked":["Buffer+1","Cold Snap"],"picked":"Glacier","floor":36},{"not_picked":["Flash of Steel","Swift Strike","Mind Blast"],"picked":"Apotheosis","floor":41},{"not_picked":["All For One","Turbo","Hologram","Streamline"],"picked":"SKIP","floor":42},{"not_picked":["Barrage","Coolheaded+1","Sweeping Beam"],"picked":"Capacitor+1","floor":44},{"not_picked":["Hello World+1","Go for the Eyes","Redo","Compile Driver"],"picked":"SKIP","floor":46},{"not_picked":["Hello World+1","Stack","Fission","Steam"],"picked":"SKIP","floor":48}],"player_experience":418705,"relics_obtained":[{"floor":8,"key":"Shovel"},{"floor":9,"key":"Darkstone Periapt"},{"floor":10,"key":"Bag of Preparation"},{"floor":14,"key":"Orichalcum"},{"floor":25,"key":"MawBank"},{"floor":26,"key":"The Courier"},{"floor":38,"key":"Question Card"},{"floor":42,"key":"Oddly Smooth Stone"},{"floor":43,"key":"Art of War"},{"floor":47,"key":"Boot"}],"event_choices":[{"cards_removed":["Strike_B"],"damage_healed":0,"gold_gain":0,"player_choice":"Card Removal","damage_taken":7,"max_hp_gain":0,"max_hp_loss":0,"event_name":"Golden Wing","floor":3,"gold_loss":0},{"cards_removed":["Strike_B"],"damage_healed":0,"gold_gain":0,"player_choice":"Purged","damage_taken":0,"max_hp_gain":0,"max_hp_loss":0,"event_name":"Purifier","floor":20,"gold_loss":0},{"damage_healed":0,"gold_gain":0,"player_choice":"Simplicity","damage_taken":0,"max_hp_gain":0,"max_hp_loss":0,"event_name":"Back to Basics","floor":22,"gold_loss":0,"cards_upgraded":["Strike_B","Defend_B","Defend_B","Defend_B","Defend_B"]},{"damage_healed":25,"gold_gain":0,"player_choice":"Heal","damage_taken":0,"max_hp_gain":0,"max_hp_loss":0,"event_name":"The Library","floor":27,"gold_loss":0},{"damage_healed":0,"gold_gain":0,"player_choice":"Ignored","damage_taken":0,"max_hp_gain":0,"max_hp_loss":0,"event_name":"Mysterious Sphere","floor":39,"gold_loss":0},{"damage_healed":0,"gold_gain":0,"player_choice":"Memory 1","damage_taken":0,"max_hp_gain":0,"max_hp_loss":0,"event_name":"SensoryStone","floor":41,"gold_loss":0}],"is_beta":false,"boss_relics":[{"not_picked":["Snecko Eye","SacredBark"],"picked":"Runic Dome"},{"not_picked":["Velvet Choker","Calling Bell"],"picked":"SlaversCollar"}],"items_purged_floors":[4,31],"is_endless":false,"potions_floor_spawned":[1,5,7,12,14,24,25,28,42,46,48],"ascension_level":12}