{"gold_per_floor":[115,115,115,40,57,92,92,110,186,186,36,48,12,24,24,124,124,144,144,172,2,2,2,2,2,77,94,112,112,36,51,51,155,155,174,396,409,212,212,212,239,239,239,239,256,60,74,94,94,94],"floor_reached":50,"playtime":1404,"items_purged":["Strike_B","Strike_B+1","Strike_B+1"],"score":767,"play_id":"90dfdb6b-6b93-4a3e-ba42-e3865c840d10","local_time":"20230827161536","is_ascension_mode":true,"campfire_choices":[{"data":"Zap","floor":7,"key":"SMITH"},{"floor":10,"key":"REST"},{"floor":15,"key":"REST"},{"data":"Go for the Eyes","floor":23,"key":"SMITH"},{"data":"Glacier","floor":25,"key":"SMITH"},{"data":"Go for the Eyes","floor":29,"key":"SMITH"},{"floor":32,"key":"REST"},{"floor":40,"key":"REST"},{"data":"Lockon","floor":42,"key":"SMITH"},{"floor":49,"key":"REST"}],"neow_cost":"NONE","seed_source_timestamp":1607976644664100,"circlet_count":0,"master_deck":["AscendersBane","Strike_B+1","Defend_B+1","Defend_B+1","Defend_B+1","Defend_B+1","Zap+1","Dualcast","Steam","Capacitor","Ball Lightning","Skim","Go for the Eyes+1","Biased Cognition+1","Cold Snap","FTL","Core Surge","Ball Lightning","Glacier+1","Defragment+1","Go for the Eyes+1","Coolheaded","Defragment+1","Go for the Eyes+1","Electrodynamics+1","Defragment+1","Lockon+1","Lockon+1"],"special_seed":0,"relics":["Cracked Core","NeowsBlessing","PreservedInsect","Omamori","Frozen Egg 2","Inserter","Red Mask","Sundial","Runic Dome","Du-Vu Doll","Darkstone Periapt","Runic Capacitor"],"potions_floor_usage":[20,20,39,44,45,48,50],"damage_taken":[{"damage":0,"enemies":"Cultist","floor":1,"turns":1},{"damage":0,"enemies":"Jaw Worm","floor":5,"turns":1},{"damage":0,"enemies":"Gremlin Nob","floor":6,"turns":1},{"damage":6,"enemies":"2 Louse","floor":8,"turns":2},{"damage":15,"enemies":"Exordium Wildlife","floor":12,"turns":5},{"damage":2,"enemies":"Blue Slaver","floor":14,"turns":2},{"damage":32,"enemies":"Hexaghost","floor":16,"turns":9},{"damage":0,"enemies":"Chosen","floor":18,"turns":5},{"damage":20,"enemies":"Masked Bandits","floor":20,"turns":4},{"damage":0,"enemies":"Spheric Guardian","floor":27,"turns":3},{"damage":8,"enemies":"Shelled Parasite and Fungi","floor":28,"turns":6},{"damage":0,"enemies":"Cultist and Chosen","floor":31,"turns":6},{"damage":27,"enemies":"Automaton","floor":33,"turns":10},{"damage":1,"enemies":"3 Shapes","floor":35,"turns":3},{"damage":25,"enemies":"3 Darklings","floor":37,"turns":3},{"damage":25,"enemies":"Nemesis","floor":41,"turns":5},{"damage":0,"enemies":"Writhing Mass","floor":44,"turns":1},{"damage":0,"enemies":"Transient","floor":45,"turns":5},{"damage":37,"enemies":"Jaw Worm Horde","floor":47,"turns":3},{"damage":0,"enemies":"4 Shapes","floor":48,"turns":2},{"damage":38,"enemies":"Time Eater","floor":50,"turns":4}],"seed_played":"-8800002459732364702","potions_obtained":[{"floor":5,"key":"Weak Potion"},{"floor":8,"key":"BlessingOfTheForge"},{"floor":18,"key":"DuplicationPotion"},{"floor":28,"key":"Ancient Potion"},{"floor":35,"key":"Energy Potion"},{"floor":39,"key":"Fruit Juice"},{"floor":39,"key":"SmokeBomb"},{"floor":47,"key":"EssenceOfDarkness"}],"is_trial":false,"path_per_floor":["M","T","?","$","M","E","R","M","T","R","$","M","$","M","R","B",null,"M","?","?","$","?","R","?","R","T","M","M","R","$","M","R","B",null,"M","?","M","$","?","R","E","R","T","M","M","$","M","M","R","B"],"character_chosen":"DEFECT","items_purchased":["Capacitor","Biased Cognition+1","FTL","Defragment+1","Defragment+1","Lockon","Runic Capacitor","Dexterity Potion"],"campfire_rested":5,"item_purchase_floors":[4,11,13,21,30,38,46,46],"current_hp_per_floor":[68,68,53,53,53,53,53,47,47,69,69,54,54,52,74,42,67,67,67,47,47,47,47,47,47,47,47,39,39,39,39,61,34,65,64,64,39,39,44,68,43,43,43,43,43,43,6,6,30,0],"gold":94,"neow_bonus":"THREE_ENEMY_KILL","is_prod":false,"is_daily":false,"chose_seed":false,"campfire_upgraded":5,"win_rate":0,"timestamp":1693178136,"path_taken":["M","?","?","$","M","E","R","M","T","R","$","M","?","M","R","BOSS","M","?","?","?","?","R","?","R","T","M","?","R","$","M","R","BOSS","M","?","M","$","?","R","E","R","T","M","M","$","M","M","R","BOSS"],"build_version":"2022-12-18","purchased_purges":3,"victory":false,"max_hp_per_floor":[75,75,75,75,75,75,75,75,75,75,75,75,75,75,75,75,75,75,75,75,75,75,75,75,75,75,75,75,75,75,75,75,75,75,75,75,75,75,80,80,80,80,80,80,80,80,80,80,80,80],"card_choices":[{"not_picked":["Beam Cell","Hologram"],"picked":"Steam","floor":1},{"not_picked":["Redo","Coolheaded"],"picked":"Ball Lightning","floor":5},{"not_picked":["Storm","Stack"],"picked":"Skim","floor":6},{"not_picked":["Barrage","Ball Lightning"],"picked":"Go for the Eyes","floor":8},{"not_picked":["Rebound","Recycle"],"picked":"Cold Snap","floor":12},{"not_picked":["Tempest","Turbo","Aggregate"],"picked":"SKIP","floor":14},{"not_picked":["All For One","Buffer+1"],"picked":"Core Surge","floor":16},{"not_picked":["Conserve Battery+1","Capacitor+1"],"picked":"Ball Lightning","floor":18},{"not_picked":["Compile Driver+1","Redo+1"],"picked":"Glacier","floor":20},{"not_picked":["Barrage","Leap"],"picked":"Go for the Eyes","floor":27},{"not_picked":["Recycle","Rip and Tear"],"picked":"Coolheaded","floor":28},{"not_picked":["Rebound","Streamline"],"picked":"Go for the Eyes+1","floor":31},{"not_picked":["Amplify","All For One"],"picked":"Electrodynamics+1","floor":33},{"not_picked":["Gash+1","Redo+1","Coolheaded+1"],"picked":"SKIP","floor":35},{"not_picked":["Capacitor+1","Coolheaded+1"],"picked":"Defragment+1","floor":37},{"not_picked":["Undo","Beam Cell"],"picked":"Lockon+1","floor":41},{"not_picked":["Leap+1","Stack","Hello World+1"],"picked":"SKIP","floor":45},{"not_picked":["Hyperbeam","Compile Driver+1","Steam"],"picked":"SKIP","floor":47},{"not_picked":["Chaos","Darkness+1","Undo+1"],"picked":"SKIP","floor":48}],"player_experience":397407,"relics_obtained":[{"floor":2,"key":"PreservedInsect"},{"floor":6,"key":"Omamori"},{"floor":9,"key":"Frozen Egg 2"},{"floor":20,"key":"Red Mask"},{"floor":26,"key":"Sundial"},{"floor":41,"key":"Du-Vu Doll"},{"floor":43,"key":"Darkstone Periapt"}],"event_choices":[{"damage_healed":0,"gold_gain":0,"player_choice":"Entered Light","damage_taken":15,"max_hp_gain":0,"max_hp_loss":0,"event_name":"Shining Light","floor":3,"gold_loss":0,"cards_upgraded":["Defend_B","Strike_B"]},{"damage_healed":0,"gold_gain":0,"player_choice":"Simplicity","damage_taken":0,"max_hp_gain":0,"max_hp_loss":0,"event_name":"Back to Basics","floor":19,"gold_loss":0,"cards_upgraded":["Strike_B","Strike_B","Defend_B","Defend_B","Defend_B"]},{"damage_healed":0,"gold_gain":0,"player_choice":"Fought Bandits","damage_taken":0,"max_hp_gain":0,"max_hp_loss":0,"event_name":"Masked Bandits","floor":20,"gold_loss":0},{"damage_healed":0,"gold_gain":0,"player_choice":"Ignored","damage_taken":0,"max_hp_gain":0,"max_hp_loss":0,"event_name":"Cursed Tome","floor":24,"gold_loss":0},{"damage_healed":0,"gold_gain":222,"player_choice":"Wore Mask","damage_taken":0,"max_hp_gain":0,"max_hp_loss":0,"event_name":"Tomb of Lord Red Mask","floor":36,"gold_loss":0},{"damage_healed":0,"gold_gain":0,"player_choice":"Got Potions","damage_taken":0,"max_hp_gain":0,"max_hp_loss":0,"event_name":"Lab","floor":39,"gold_loss":0}],"is_beta":false,"boss_relics":[{"not_picked":["Astrolabe","Pandora\u0027s Box"],"picked":"Inserter"},{"not_picked":["Coffee Dripper","Fusion Hammer"],"picked":"Runic Dome"}],"items_purged_floors":[11,21,38],"is_endless":false,"potions_floor_spawned":[5,8,18,28,35,41,44,47],"killed_by":"Time Eater","ascension_level":11}