{"gold_per_floor":[111,124,124,141,18,18,32,57,57,77,77,38,38,38,38,117,167,183,383,402,412,169,196,196,213,213,56,56,82,181,201,201,275,275,292,292,312,312,312,312,327,327,374,374,400,400,400,10,10,10],"floor_reached":50,"playtime":1811,"items_purged":["Strike_B","Strike_B","Doom and Gloom"],"score":903,"play_id":"6dd8aeea-9b9d-44d8-aa0b-20d12f68edc0","local_time":"20230902120951","is_ascension_mode":true,"campfire_choices":[{"data":"Leap","floor":6,"key":"SMITH"},{"data":"Redo","floor":11,"key":"SMITH"},{"data":"Loop","floor":15,"key":"SMITH"},{"floor":24,"key":"REST"},{"floor":28,"key":"REST"},{"floor":32,"key":"REST"},{"data":"Machine Learning","floor":40,"key":"SMITH"},{"floor":42,"key":"REST"},{"floor":44,"key":"REST"},{"floor":47,"key":"REST"},{"floor":49,"key":"REST"}],"neow_cost":"NONE","seed_source_timestamp":2111266479525200,"circlet_count":0,"master_deck":["AscendersBane","Defend_B","Defend_B","Defend_B","Defend_B","Zap+1","Dualcast","Cold Snap+1","Leap+1","Auto Shields","Redo+1","Seek","Coolheaded","Loop+1","Seek","Machine Learning+1","Lockon","Electrodynamics","Core Surge","Multi-Cast","Redo+1","BootSequence","FTL","Go for the Eyes+1","Ball Lightning","Dark Shackles","Leap"],"relics":["Cracked Core","StoneCalendar","Turnip","Tiny House","Gremlin Horn","StrikeDummy","Nunchaku","Busted Crown","Dream Catcher","Vajra","Anchor"],"potions_floor_usage":[8,8,16,16,23,29,33,50,50],"damage_taken":[{"damage":2,"enemies":"Jaw Worm","floor":1,"turns":3},{"damage":0,"enemies":"Cultist","floor":2,"turns":3},{"damage":0,"enemies":"Small Slimes","floor":4,"turns":3},{"damage":9,"enemies":"Red Slaver","floor":7,"turns":4},{"damage":8,"enemies":"Gremlin Nob","floor":8,"turns":5},{"damage":8,"enemies":"Lots of Slimes","floor":10,"turns":5},{"damage":6,"enemies":"Slime Boss","floor":16,"turns":7},{"damage":0,"enemies":"Spheric Guardian","floor":18,"turns":3},{"damage":6,"enemies":"Chosen","floor":20,"turns":5},{"damage":35,"enemies":"Snake Plant","floor":21,"turns":4},{"damage":42,"enemies":"Book of Stabbing","floor":23,"turns":6},{"damage":19,"enemies":"3 Cultists","floor":25,"turns":6},{"damage":14,"enemies":"Slavers","floor":29,"turns":3},{"damage":4,"enemies":"Chosen and Byrds","floor":31,"turns":5},{"damage":5,"enemies":"Champ","floor":33,"turns":8},{"damage":34,"enemies":"3 Darklings","floor":35,"turns":4},{"damage":3,"enemies":"Orb Walker","floor":37,"turns":3},{"damage":51,"enemies":"Jaw Worm Horde","floor":41,"turns":3},{"damage":49,"enemies":"Reptomancer","floor":45,"turns":7},{"damage":56,"enemies":"Donu and Deca","floor":50,"turns":8}],"seed_played":"692250407605218120","potions_obtained":[{"floor":1,"key":"BlessingOfTheForge"},{"floor":8,"key":"LiquidBronze"},{"floor":10,"key":"Regen Potion"},{"floor":16,"key":"Regen Potion"},{"floor":17,"key":"Energy Potion"},{"floor":31,"key":"SkillPotion"},{"floor":41,"key":"BlessingOfTheForge"},{"floor":45,"key":"Regen Potion"}],"is_trial":false,"path_per_floor":["M","M","?","M","$","R","M","E","T","M","R","$","?","?","R","B",null,"M","?","M","M","$","E","R","M","T","$","R","E","?","M","R","B",null,"M","?","M","?","?","R","M","R","T","R","E","T","R","$","R","B"],"character_chosen":"DEFECT","items_purchased":["FocusPotion","Loop","Machine Learning","Lockon","Electrodynamics","FocusPotion","DuplicationPotion","Ball Lightning","Dark Shackles"],"campfire_rested":7,"item_purchase_floors":[5,12,22,22,27,48,48,48,48],"current_hp_per_floor":[62,62,62,62,62,62,53,45,45,37,37,37,42,42,42,51,75,75,75,69,34,34,7,31,12,12,12,36,22,22,18,42,37,70,36,71,68,68,68,68,17,38,38,59,10,10,31,31,52,0],"gold":10,"neow_bonus":"REMOVE_CARD","is_prod":false,"is_daily":false,"chose_seed":false,"campfire_upgraded":4,"win_rate":0,"timestamp":1693681791,"path_taken":["M","M","?","M","$","R","?","E","T","M","R","$","?","?","R","BOSS","M","?","M","M","$","E","R","?","T","?","R","E","?","M","R","BOSS","M","?","M","?","?","R","M","R","T","R","E","?","R","$","R","BOSS"],"build_version":"2022-12-18","purchased_purges":3,"victory":false,"max_hp_per_floor":[71,71,71,71,71,71,71,71,71,71,71,71,76,76,76,76,81,81,81,81,81,81,81,81,81,81,81,81,81,81,81,81,81,81,81,71,71,71,71,71,71,71,71,71,71,71,71,71,71,71],"card_choices":[{"not_picked":["Darkness","Rebound"],"picked":"Cold Snap","floor":1},{"not_picked":["Reprogram","Steam"],"picked":"Leap","floor":2},{"not_picked":["Rebound","Redo"],"picked":"Auto Shields","floor":4},{"not_picked":["Steam","Chaos"],"picked":"Redo","floor":7},{"not_picked":["Redo","Streamline"],"picked":"Seek","floor":8},{"not_picked":["Aggregate","Leap"],"picked":"Coolheaded","floor":10},{"not_picked":["Multi-Cast","Reboot"],"picked":"Seek","floor":16},{"not_picked":["Redo","Sweeping Beam"],"picked":"Doom and Gloom","floor":17},{"not_picked":["Rip and Tear","Leap","Streamline"],"picked":"SKIP","floor":18},{"not_picked":["Barrage","Turbo","Rip and Tear+1"],"picked":"SKIP","floor":20},{"not_picked":["Gash","Compile Driver"],"picked":"Go for the Eyes","floor":21},{"not_picked":["Double Energy","Stack","Sunder"],"picked":"SKIP","floor":23},{"not_picked":["Melter","Compile Driver","Leap"],"picked":"SKIP","floor":25},{"not_picked":["FTL","Meteor Strike"],"picked":"Core Surge","floor":29},{"not_picked":["Rip and Tear","Sunder+1","Redo"],"picked":"SKIP","floor":31},{"not_picked":["Reboot","Creative AI"],"picked":"Multi-Cast","floor":33},{"not_picked":[],"picked":"Redo+1","floor":35},{"not_picked":["Go for the Eyes"],"picked":"SKIP","floor":37},{"not_picked":[],"picked":"BootSequence","floor":41},{"not_picked":[],"picked":"FTL","floor":44},{"not_picked":["Tempest"],"picked":"SKIP","floor":45},{"not_picked":[],"picked":"Go for the Eyes+1","floor":47},{"not_picked":[],"picked":"Leap","floor":49}],"player_experience":445463,"relics_obtained":[{"floor":8,"key":"StoneCalendar"},{"floor":9,"key":"Turnip"},{"floor":23,"key":"Gremlin Horn"},{"floor":26,"key":"StrikeDummy"},{"floor":29,"key":"Nunchaku"},{"floor":43,"key":"Dream Catcher"},{"floor":45,"key":"Vajra"},{"floor":46,"key":"Anchor"}],"event_choices":[{"damage_healed":0,"gold_gain":0,"player_choice":"Forge","damage_taken":0,"max_hp_gain":0,"max_hp_loss":0,"event_name":"Accursed Blacksmith","floor":3,"gold_loss":0,"cards_upgraded":["Zap"]},{"damage_healed":0,"gold_gain":0,"player_choice":"Donut","damage_taken":0,"max_hp_gain":5,"max_hp_loss":0,"event_name":"Big Fish","floor":13,"gold_loss":0},{"cards_removed":["Strike_B"],"damage_healed":0,"gold_gain":0,"player_choice":"Purged","damage_taken":0,"max_hp_gain":0,"max_hp_loss":0,"event_name":"Purifier","floor":14,"gold_loss":0},{"damage_healed":0,"gold_gain":200,"player_choice":"Gold","damage_taken":0,"max_hp_gain":0,"max_hp_loss":0,"event_name":"Wheel of Change","floor":19,"gold_loss":0},{"damage_healed":0,"gold_gain":99,"player_choice":"Stole From Cult","damage_taken":0,"max_hp_gain":0,"max_hp_loss":0,"event_name":"Nest","floor":30,"gold_loss":0},{"damage_healed":71,"gold_gain":0,"player_choice":"Heal","damage_taken":0,"max_hp_gain":0,"max_hp_loss":10,"event_name":"The Moai Head","floor":36,"gold_loss":0},{"cards_removed":["Go for the Eyes"],"damage_healed":0,"gold_gain":0,"player_choice":"Removed Attack","damage_taken":0,"max_hp_gain":0,"max_hp_loss":0,"event_name":"Falling","floor":38,"gold_loss":0},{"damage_healed":0,"gold_gain":0,"player_choice":"Ignored","damage_taken":0,"max_hp_gain":0,"max_hp_loss":0,"event_name":"Mysterious Sphere","floor":39,"gold_loss":0}],"is_beta":false,"boss_relics":[{"not_picked":["Calling Bell","Snecko Eye"],"picked":"Tiny House"},{"not_picked":["Coffee Dripper","SlaversCollar"],"picked":"Busted Crown"}],"items_purged_floors":[5,22,48],"is_endless":false,"potions_floor_spawned":[1,8,10,16,18,21,31,41,45],"killed_by":"Donu and Deca","ascension_level":14}