{"gold_per_floor":[118,293,293,18,29,58,70,70],"floor_reached":8,"playtime":190,"items_purged":["Doubt"],"score":87,"play_id":"f47e1ed6-aa7e-4de6-b07c-a3c147452c73","local_time":"20230827145249","is_ascension_mode":true,"campfire_choices":[],"neow_cost":"PERCENT_DAMAGE","seed_source_timestamp":1604245153486000,"circlet_count":0,"master_deck":["AscendersBane","Strike_B","Strike_B","Strike_B","Strike_B","Defend_B","Defend_B","Defend_B","Defend_B","Zap","Dualcast","Multi-Cast","Sweeping Beam","Go for the Eyes","Seek","Conserve Battery"],"relics":["Cracked Core","NlothsMask","DataDisk","Shovel"],"potions_floor_usage":[],"damage_taken":[{"damage":2,"enemies":"Jaw Worm","floor":1,"turns":3},{"damage":10,"enemies":"Small Slimes","floor":5,"turns":3},{"damage":37,"enemies":"Gremlin Nob","floor":6,"turns":4},{"damage":0,"enemies":"Cultist","floor":7,"turns":3}],"seed_played":"6737957572144121065","potions_obtained":[{"floor":5,"key":"Swift Potion"},{"floor":6,"key":"EssenceOfSteel"}],"is_trial":false,"path_per_floor":["M","?","?","$","M","E","M","?"],"character_chosen":"DEFECT","items_purchased":["DataDisk","Go for the Eyes"],"campfire_rested":0,"item_purchase_floors":[4,4],"current_hp_per_floor":[48,48,48,48,38,1,1,0],"gold":70,"neow_bonus":"THREE_RARE_CARDS","is_prod":false,"is_daily":false,"chose_seed":false,"campfire_upgraded":0,"win_rate":0,"timestamp":1693173169,"path_taken":["M","?","?","$","?","E","M","?"],"build_version":"2022-12-18","purchased_purges":1,"victory":false,"max_hp_per_floor":[75,75,75,75,75,75,75,75],"card_choices":[{"not_picked":["Fission","Buffer"],"picked":"Multi-Cast","floor":0},{"not_picked":["Barrage","Redo"],"picked":"Sweeping Beam","floor":1},{"not_picked":["Leap","Steam Power"],"picked":"Seek","floor":5},{"not_picked":["Conserve Battery","Sweeping Beam","Rainbow"],"picked":"SKIP","floor":6},{"not_picked":["Beam Cell","Hologram"],"picked":"Conserve Battery","floor":7}],"player_experience":394877,"relics_obtained":[{"floor":6,"key":"Shovel"}],"event_choices":[{"damage_healed":0,"gold_gain":175,"player_choice":"AGREE","damage_taken":0,"max_hp_gain":0,"max_hp_loss":0,"event_name":"Liars Game","floor":2,"gold_loss":0,"cards_obtained":["Doubt"]},{"damage_healed":0,"gold_gain":0,"player_choice":"Trade","damage_taken":0,"relics_obtained":["NlothsMask"],"max_hp_gain":0,"max_hp_loss":0,"event_name":"FaceTrader","floor":3,"gold_loss":0}],"is_beta":false,"boss_relics":[],"items_purged_floors":[4],"is_endless":false,"potions_floor_spawned":[5,6],"ascension_level":11}