{"gold_per_floor":[113,123,47,47,61,61,94,94,94,115,131,206,206,222,222,350,350,375,375,390,408,507,507,527,527],"floor_reached":25,"playtime":961,"items_purged":[],"score":318,"play_id":"9da0f54a-0b20-4c51-8519-f14841f087a9","local_time":"20230827150900","is_ascension_mode":true,"campfire_choices":[{"data":"Defragment","floor":6,"key":"SMITH"},{"data":"Zap","floor":8,"key":"SMITH"},{"data":"Machine Learning","floor":13,"key":"SMITH"},{"floor":15,"key":"REST"},{"floor":23,"key":"REST"}],"neow_cost":"NONE","seed_source_timestamp":1604445057868000,"circlet_count":0,"master_deck":["AscendersBane","Strike_B","Strike_B","Strike_B","Strike_B","Defend_B","Defend_B","Defend_B","Defend_B","Zap+1","Dualcast","Conserve Battery","Genetic Algorithm","Defragment+1","BootSequence","Machine Learning+1","Leap","Sweeping Beam","Echo Form","Conserve Battery+1","Cold Snap","Self Repair"],"relics":["Cracked Core","Golden Idol","Mummified Hand","Ornamental Fan","Inserter"],"potions_floor_usage":[7,16,21,25,25],"damage_taken":[{"damage":1,"enemies":"Cultist","floor":1,"turns":4},{"damage":5,"enemies":"Jaw Worm","floor":2,"turns":4},{"damage":2,"enemies":"2 Louse","floor":5,"turns":4},{"damage":15,"enemies":"3 Sentries","floor":7,"turns":6},{"damage":4,"enemies":"Looter","floor":10,"turns":4},{"damage":8,"enemies":"Blue Slaver","floor":11,"turns":3},{"damage":17,"enemies":"Lots of Slimes","floor":14,"turns":4},{"damage":27,"enemies":"The Guardian","floor":16,"turns":16},{"damage":25,"enemies":"Spheric Guardian","floor":18,"turns":9},{"damage":3,"enemies":"Chosen","floor":20,"turns":6},{"damage":5,"enemies":"Sentry and Sphere","floor":21,"turns":8},{"damage":15,"enemies":"Snake Plant","floor":24,"turns":4},{"damage":48,"enemies":"Masked Bandits","floor":25,"turns":3}],"seed_played":"2954295051759543455","potions_obtained":[{"floor":1,"key":"Energy Potion"},{"floor":5,"key":"PowerPotion"},{"floor":7,"key":"Weak Potion"},{"floor":16,"key":"Block Potion"},{"floor":21,"key":"FocusPotion"}],"is_trial":false,"path_per_floor":["M","M","$","?","M","R","E","R","T","M","M","?","R","M","R","B",null,"M","?","M","M","?","R","M","?"],"character_chosen":"DEFECT","items_purchased":["Defragment"],"campfire_rested":2,"item_purchase_floors":[3],"current_hp_per_floor":[74,69,69,69,67,67,52,52,52,48,40,33,33,16,38,11,60,35,35,32,27,27,49,34,0],"gold":527,"neow_bonus":"TEN_PERCENT_HP_BONUS","is_prod":false,"is_daily":false,"chose_seed":false,"campfire_upgraded":3,"win_rate":0,"timestamp":1693174140,"path_taken":["M","M","$","?","M","R","E","R","T","M","M","?","R","?","R","BOSS","M","?","M","M","?","R","M","?"],"build_version":"2022-12-18","purchased_purges":0,"victory":false,"max_hp_per_floor":[82,82,82,76,76,76,76,76,76,76,76,76,76,76,76,76,76,76,76,76,76,76,76,76,76],"card_choices":[{"not_picked":["Double Energy","Streamline"],"picked":"Conserve Battery","floor":1},{"not_picked":["Stack","Rebound"],"picked":"Genetic Algorithm","floor":2},{"not_picked":["Hologram","Turbo"],"picked":"BootSequence","floor":5},{"not_picked":["Rebound","BootSequence"],"picked":"Machine Learning","floor":7},{"not_picked":["Beam Cell","Blizzard"],"picked":"Leap","floor":10},{"not_picked":["Blizzard","Streamline"],"picked":"Sweeping Beam","floor":11},{"not_picked":["Conserve Battery","Hologram","Compile Driver"],"picked":"SKIP","floor":14},{"not_picked":["Machine Learning","All For One"],"picked":"Echo Form","floor":16},{"not_picked":["Beam Cell","Leap"],"picked":"Conserve Battery+1","floor":18},{"not_picked":["Compile Driver","Darkness"],"picked":"Cold Snap","floor":20},{"not_picked":["Conserve Battery","Skim","Genetic Algorithm"],"picked":"SKIP","floor":21},{"not_picked":["Redo","Stack+1"],"picked":"Self Repair","floor":24}],"player_experience":395067,"relics_obtained":[{"floor":7,"key":"Mummified Hand"},{"floor":9,"key":"Ornamental Fan"}],"event_choices":[{"damage_healed":0,"gold_gain":0,"player_choice":"Lose Max HP","damage_taken":0,"relics_obtained":["Golden Idol"],"max_hp_gain":0,"max_hp_loss":6,"event_name":"Golden Idol","floor":4,"gold_loss":0},{"damage_healed":0,"gold_gain":75,"player_choice":"Touch","damage_taken":7,"max_hp_gain":0,"max_hp_loss":0,"event_name":"FaceTrader","floor":12,"gold_loss":0},{"damage_healed":0,"gold_gain":0,"player_choice":"Ignored","damage_taken":0,"max_hp_gain":0,"max_hp_loss":0,"event_name":"Ghosts","floor":19,"gold_loss":0},{"damage_healed":0,"gold_gain":99,"player_choice":"Stole From Cult","damage_taken":0,"max_hp_gain":0,"max_hp_loss":0,"event_name":"Nest","floor":22,"gold_loss":0},{"damage_healed":0,"gold_gain":0,"player_choice":"Fought Bandits","damage_taken":0,"max_hp_gain":0,"max_hp_loss":0,"event_name":"Masked Bandits","floor":25,"gold_loss":0}],"is_beta":false,"boss_relics":[{"not_picked":["Empty Cage","Runic Pyramid"],"picked":"Inserter"}],"items_purged_floors":[],"is_endless":false,"potions_floor_spawned":[1,5,7,16,20,21],"killed_by":"Masked Bandits","ascension_level":11}