{"gold_per_floor":[111,126,145,161,336,336,351,53,108,138,152,172,72,82,82,179,179,194,212,212,212,226,226,254,254,277,152,152,2,22,22,22,117,117,132,142,153,153],"floor_reached":38,"playtime":1379,"items_purged":["Doubt","Strike_B","Strike_B","White Noise"],"score":620,"play_id":"41c2343a-99cd-445e-ac9d-4f15bfd4785b","local_time":"20230827153211","is_ascension_mode":true,"campfire_choices":[{"data":"Zap","floor":6,"key":"SMITH"},{"data":"Capacitor","floor":15,"key":"SMITH"},{"data":"Self Repair","floor":23,"key":"SMITH"},{"data":"Go for the Eyes","floor":25,"key":"SMITH"},{"data":"Lockon","floor":28,"key":"SMITH"},{"floor":32,"key":"REST"}],"neow_cost":"NONE","seed_source_timestamp":1605417154681000,"circlet_count":0,"master_deck":["AscendersBane","Defend_B","Defend_B","Defend_B","Defend_B","Zap+1","Dualcast","Auto Shields+1","Ball Lightning","Self Repair+1","Consume+1","Coolheaded","Capacitor+1","Leap","Lockon+1","Coolheaded","Ball Lightning","BootSequence","Electrodynamics","Tempest+1","Compile Driver","Go for the Eyes+1","Stack+1"],"relics":["Cracked Core","War Paint","White Beast Statue","Velvet Choker","InkBottle","Oddly Smooth Stone","Strawberry","SlaversCollar"],"potions_floor_usage":[10,11,14,16,16,24,33,33,35,35,38],"damage_taken":[{"damage":8,"enemies":"Jaw Worm","floor":1,"turns":5},{"damage":10,"enemies":"Small Slimes","floor":2,"turns":2},{"damage":0,"enemies":"Cultist","floor":3,"turns":4},{"damage":14,"enemies":"Red Slaver","floor":4,"turns":4},{"damage":1,"enemies":"2 Fungi Beasts","floor":7,"turns":4},{"damage":13,"enemies":"Gremlin Nob","floor":10,"turns":4},{"damage":0,"enemies":"Exordium Wildlife","floor":11,"turns":3},{"damage":7,"enemies":"Looter","floor":12,"turns":4},{"damage":11,"enemies":"Exordium Thugs","floor":14,"turns":4},{"damage":10,"enemies":"Slime Boss","floor":16,"turns":5},{"damage":9,"enemies":"Spheric Guardian","floor":18,"turns":4},{"damage":0,"enemies":"3 Byrds","floor":19,"turns":2},{"damage":19,"enemies":"Snake Plant","floor":22,"turns":4},{"damage":15,"enemies":"Book of Stabbing","floor":24,"turns":6},{"damage":17,"enemies":"Centurion and Healer","floor":30,"turns":4},{"damage":54,"enemies":"Automaton","floor":33,"turns":12},{"damage":31,"enemies":"3 Darklings","floor":35,"turns":4},{"damage":0,"enemies":"3 Shapes","floor":36,"turns":3},{"damage":12,"enemies":"3 Darklings","floor":37,"turns":4},{"damage":49,"enemies":"4 Shapes","floor":38,"turns":3}],"seed_played":"-4984857996082650714","potions_obtained":[{"floor":2,"key":"SpeedPotion"},{"floor":7,"key":"Energy Potion"},{"floor":11,"key":"FocusPotion"},{"floor":12,"key":"AttackPotion"},{"floor":14,"key":"EssenceOfDarkness"},{"floor":16,"key":"AttackPotion"},{"floor":18,"key":"Swift Potion"},{"floor":19,"key":"PotionOfCapacity"},{"floor":24,"key":"LiquidBronze"},{"floor":30,"key":"PowerPotion"},{"floor":33,"key":"Energy Potion"},{"floor":35,"key":"Fruit Juice"},{"floor":36,"key":"FocusPotion"},{"floor":37,"key":"SteroidPotion"}],"is_trial":false,"path_per_floor":["M","M","M","M","?","R","M","$","T","E","M","M","$","M","R","B",null,"M","M","?","T","M","R","E","R","T","$","R","$","M","$","R","B",null,"M","M","M","M"],"character_chosen":"DEFECT","items_purchased":["Capacitor","Leap","FocusPotion","Lockon"],"campfire_rested":1,"item_purchase_floors":[8,8,8,8],"current_hp_per_floor":[60,50,57,50,50,50,56,56,56,43,50,50,50,46,46,36,65,63,63,63,63,51,51,46,46,53,53,53,53,36,36,60,16,66,50,60,48,0],"gold":153,"neow_bonus":"THREE_CARDS","is_prod":false,"is_daily":false,"chose_seed":false,"campfire_upgraded":5,"win_rate":0,"timestamp":1693175531,"path_taken":["M","M","M","M","?","R","M","$","T","E","M","M","?","M","R","BOSS","M","M","?","?","M","R","E","R","T","?","R","$","?","?","R","BOSS","M","M","M","M"],"build_version":"2022-12-18","purchased_purges":4,"victory":false,"max_hp_per_floor":[75,75,75,75,75,75,75,75,75,75,75,75,75,75,75,75,75,75,75,75,75,75,75,75,75,82,82,82,82,82,82,82,82,82,87,87,87,87],"card_choices":[{"not_picked":["Barrage","Gash"],"picked":"Auto Shields","floor":0},{"not_picked":["White Noise","Sweeping Beam"],"picked":"Ball Lightning","floor":1},{"not_picked":["Aggregate","Darkness"],"picked":"Self Repair","floor":2},{"not_picked":["Hello World","Skim"],"picked":"Consume","floor":3},{"not_picked":["Reinforced Body","Gash","Rebound"],"picked":"SKIP","floor":4},{"not_picked":["Streamline","Gash"],"picked":"Coolheaded","floor":7},{"not_picked":["Self Repair","Rebound"],"picked":"Coolheaded","floor":10},{"not_picked":["Stack","Self Repair","Redo"],"picked":"SKIP","floor":11},{"not_picked":["BootSequence","White Noise"],"picked":"Ball Lightning","floor":12},{"not_picked":["Beam Cell","Coolheaded"],"picked":"BootSequence","floor":14},{"not_picked":["Buffer","Fission"],"picked":"Electrodynamics","floor":16},{"not_picked":["Turbo","Chaos"],"picked":"Tempest+1","floor":18},{"not_picked":["Melter+1","Double Energy","Barrage"],"picked":"SKIP","floor":19},{"not_picked":["Turbo+1","Barrage"],"picked":"Go for the Eyes","floor":22},{"not_picked":["Lockon","Hologram"],"picked":"Stack+1","floor":24},{"not_picked":["Hologram","Cold Snap+1","Gash"],"picked":"SKIP","floor":30},{"not_picked":["Barrage+1","Beam Cell","Steam"],"picked":"SKIP","floor":35},{"not_picked":["Self Repair","Go for the Eyes","Force Field+1"],"picked":"SKIP","floor":36},{"not_picked":["BootSequence","Redo+1","Streamline"],"picked":"SKIP","floor":37}],"player_experience":396028,"relics_obtained":[{"floor":9,"key":"War Paint"},{"floor":10,"key":"White Beast Statue"},{"floor":21,"key":"InkBottle"},{"floor":24,"key":"Oddly Smooth Stone"},{"floor":26,"key":"Strawberry"}],"event_choices":[{"damage_healed":0,"gold_gain":175,"player_choice":"AGREE","damage_taken":0,"max_hp_gain":0,"max_hp_loss":0,"event_name":"Liars Game","floor":5,"gold_loss":0,"cards_obtained":["Doubt"]},{"damage_healed":0,"gold_gain":0,"cards_transformed":["Strike_B","Strike_B"],"player_choice":"Became Test Subject","damage_taken":0,"max_hp_gain":0,"max_hp_loss":0,"event_name":"Drug Dealer","floor":20,"gold_loss":0,"cards_obtained":["White Noise","Compile Driver"]}],"is_beta":false,"boss_relics":[{"not_picked":["Ectoplasm","Coffee Dripper"],"picked":"Velvet Choker"},{"not_picked":["Fusion Hammer","Sozu"],"picked":"SlaversCollar"}],"items_purged_floors":[8,13,27,29],"is_endless":false,"potions_floor_spawned":[2,7,11,12,14,16,18,19,22,24,30,33,35,36,37],"killed_by":"4 Shapes","ascension_level":11}