{"gold_per_floor":[118,137,155,139,149,149,175,175,201,220,220,232,249,127,127,204,204,219,231,103,18,18,18,49,61,86,86,86],"floor_reached":28,"playtime":1145,"items_purged":["Strike_B"],"score":406,"play_id":"3e81ad53-07fe-4475-a06d-552e6dc1dd1c","local_time":"20230902195911","is_ascension_mode":true,"campfire_choices":[{"data":"Zap","floor":6,"key":"SMITH"},{"floor":11,"key":"REST"},{"floor":15,"key":"REST"},{"floor":23,"key":"REST"}],"neow_cost":"TEN_PERCENT_HP_LOSS","seed_source_timestamp":2140093429200499,"circlet_count":0,"master_deck":["AscendersBane","Defend_B+1","Defend_B+1","Defend_B+1","Defend_B+1","Zap+1","Dualcast","Master of Strategy","Streamline+1","Undo","Beam Cell","Ball Lightning","Reinforced Body","Chill","Capacitor","FTL","Coolheaded","Electrodynamics","Rip and Tear+1","Storm+1","Compile Driver+1","Go for the Eyes","Lockon","Consume","Capacitor","Ball Lightning"],"relics":["Cracked Core","Odd Mushroom","Bag of Marbles","Astrolabe","Dream Catcher","Vajra","Happy Flower"],"potions_floor_usage":[18],"damage_taken":[{"damage":11,"enemies":"Small Slimes","floor":1,"turns":3},{"damage":1,"enemies":"Jaw Worm","floor":2,"turns":4},{"damage":0,"enemies":"Cultist","floor":3,"turns":3},{"damage":1,"enemies":"Exordium Thugs","floor":4,"turns":4},{"damage":35,"enemies":"Gremlin Gang","floor":5,"turns":6},{"damage":9,"enemies":"The Mushroom Lair","floor":7,"turns":4},{"damage":0,"enemies":"Large Slime","floor":10,"turns":3},{"damage":4,"enemies":"Looter","floor":12,"turns":3},{"damage":4,"enemies":"Exordium Wildlife","floor":13,"turns":3},{"damage":24,"enemies":"Slime Boss","floor":16,"turns":9},{"damage":14,"enemies":"Shell Parasite","floor":18,"turns":5},{"damage":10,"enemies":"2 Thieves","floor":19,"turns":4},{"damage":35,"enemies":"Gremlin Leader","floor":24,"turns":7},{"damage":7,"enemies":"Shelled Parasite and Fungi","floor":25,"turns":7},{"damage":12,"enemies":"Snake Plant","floor":28,"turns":1}],"seed_played":"-5366486229684632500","potions_obtained":[{"floor":3,"key":"Ancient Potion"},{"floor":7,"key":"SkillPotion"},{"floor":10,"key":"Block Potion"},{"floor":18,"key":"Fruit Juice"}],"is_trial":false,"path_per_floor":["M","M","M","M","M","R","?","?","T","M","R","M","M","$","R","B",null,"M","M","$","?","?","R","E","M","T","?","M"],"character_chosen":"DEFECT","items_purchased":["Coolheaded","Consume","FocusPotion"],"campfire_rested":3,"item_purchase_floors":[14,20,20],"current_hp_per_floor":[53,52,52,51,16,16,7,7,7,7,26,22,18,18,37,13,51,42,32,32,32,32,52,17,10,10,10,0],"gold":86,"neow_bonus":"RANDOM_COLORLESS_2","is_prod":false,"is_daily":false,"chose_seed":false,"campfire_upgraded":1,"win_rate":0,"timestamp":1693709951,"path_taken":["M","M","M","M","M","R","?","?","T","M","R","?","M","?","R","BOSS","M","?","$","?","?","R","E","M","T","?","M"],"build_version":"2022-12-18","purchased_purges":1,"victory":false,"max_hp_per_floor":[64,64,64,64,64,64,64,64,64,64,64,64,64,64,64,64,64,69,69,69,69,69,69,69,69,69,69,69],"card_choices":[{"not_picked":["Transmutation","Magnetism"],"picked":"Master of Strategy","floor":0},{"not_picked":["Steam","Recycle"],"picked":"Streamline","floor":1},{"not_picked":["Fusion","Beam Cell"],"picked":"Undo","floor":2},{"not_picked":["White Noise","Streamline"],"picked":"Beam Cell","floor":3},{"not_picked":["Lockon","Compile Driver"],"picked":"Ball Lightning","floor":4},{"not_picked":["Turbo","Fusion"],"picked":"Reinforced Body","floor":5},{"not_picked":["Hologram","Stack"],"picked":"Chill","floor":7},{"not_picked":["Chill","Gash"],"picked":"Capacitor","floor":10},{"not_picked":["Beam Cell","Compile Driver","Ball Lightning"],"picked":"SKIP","floor":12},{"not_picked":["Fusion","Capacitor"],"picked":"FTL","floor":13},{"not_picked":["Amplify","All For One"],"picked":"Electrodynamics","floor":16},{"not_picked":["Undo","White Noise"],"picked":"Go for the Eyes","floor":18},{"not_picked":["Turbo","Rebound"],"picked":"Lockon","floor":19},{"not_picked":["Gash","Darkness"],"picked":"Capacitor","floor":23},{"not_picked":["Steam","Leap"],"picked":"Ball Lightning","floor":24},{"not_picked":["Compile Driver","Go for the Eyes","Hyperbeam"],"picked":"SKIP","floor":25}],"player_experience":450201,"relics_obtained":[{"floor":7,"key":"Odd Mushroom"},{"floor":9,"key":"Bag of Marbles"},{"floor":24,"key":"Vajra"},{"floor":26,"key":"Happy Flower"}],"event_choices":[{"damage_healed":0,"gold_gain":0,"player_choice":"Fought Mushrooms","damage_taken":0,"max_hp_gain":0,"max_hp_loss":0,"event_name":"Mushrooms","floor":7,"gold_loss":0},{"damage_healed":0,"gold_gain":0,"player_choice":"Forge","damage_taken":0,"max_hp_gain":0,"max_hp_loss":0,"event_name":"Accursed Blacksmith","floor":8,"gold_loss":0,"cards_upgraded":["Streamline"]},{"damage_healed":0,"gold_gain":0,"player_choice":"Obtained Relic","damage_taken":0,"relics_obtained":["Dream Catcher"],"max_hp_gain":0,"max_hp_loss":0,"event_name":"Addict","floor":21,"gold_loss":85},{"damage_healed":0,"gold_gain":0,"player_choice":"Simplicity","damage_taken":0,"max_hp_gain":0,"max_hp_loss":0,"event_name":"Back to Basics","floor":22,"gold_loss":0,"cards_upgraded":["Defend_B","Defend_B","Defend_B","Defend_B"]},{"damage_healed":0,"gold_gain":0,"player_choice":"Ignored","damage_taken":0,"max_hp_gain":0,"max_hp_loss":0,"event_name":"Cursed Tome","floor":27,"gold_loss":0}],"is_beta":false,"boss_relics":[{"not_picked":["Coffee Dripper","SlaversCollar"],"picked":"Astrolabe"}],"items_purged_floors":[14],"is_endless":false,"potions_floor_spawned":[3,7,10,13,18,25],"killed_by":"Snake Plant","ascension_level":15}