{"gold_per_floor":[115,115,130,150,150,150,169,169,219,245,261,271,33,33],"floor_reached":14,"playtime":403,"items_purged":["Decay"],"score":175,"play_id":"f9d91799-d163-4c98-b7ef-c477bffa3d3a","local_time":"20230910204736","is_ascension_mode":true,"campfire_choices":[{"data":"Streamline","floor":6,"key":"SMITH"},{"data":"Static Discharge","floor":8,"key":"SMITH"}],"neow_cost":"NONE","seed_source_timestamp":72681200160700,"circlet_count":0,"master_deck":["AscendersBane","Strike_B","Strike_B+1","Strike_B","Strike_B","Defend_B","Defend_B+1","Defend_B","Defend_B","Zap","Dualcast","Finesse","Cold Snap","Auto Shields","Streamline+1","Static Discharge+1","Rebound","Ball Lightning","Ball Lightning"],"relics":["Cracked Core","Boot","Bronze Scales","ClockworkSouvenir"],"potions_floor_usage":[],"damage_taken":[{"damage":0,"enemies":"2 Louse","floor":1,"turns":3},{"damage":0,"enemies":"Cultist","floor":3,"turns":3},{"damage":0,"enemies":"Jaw Worm","floor":4,"turns":4},{"damage":11,"enemies":"Blue Slaver","floor":7,"turns":3},{"damage":13,"enemies":"Lagavulin","floor":10,"turns":6},{"damage":14,"enemies":"Exordium Wildlife","floor":11,"turns":3},{"damage":2,"enemies":"2 Fungi Beasts","floor":12,"turns":3},{"damage":22,"enemies":"Exordium Thugs","floor":14,"turns":3}],"seed_played":"4245179227938067636","potions_obtained":[{"floor":3,"key":"Ancient Potion"},{"floor":7,"key":"PotionOfCapacity"},{"floor":12,"key":"Dexterity Potion"}],"is_trial":false,"path_per_floor":["M","?","M","M","?","R","M","R","T","E","M","M","$","M"],"character_chosen":"DEFECT","items_purchased":["ClockworkSouvenir"],"campfire_rested":0,"item_purchase_floors":[13],"current_hp_per_floor":[64,43,43,43,43,43,32,32,32,19,5,3,3,0],"gold":33,"neow_bonus":"RANDOM_COLORLESS","is_prod":false,"is_daily":false,"chose_seed":false,"campfire_upgraded":2,"win_rate":0,"timestamp":1694404056,"path_taken":["M","?","M","M","?","R","M","R","T","E","M","M","$","?"],"build_version":"2022-12-18","purchased_purges":1,"victory":false,"max_hp_per_floor":[71,71,71,71,71,71,71,71,71,71,71,71,71,71],"card_choices":[{"not_picked":["Deep Breath","Forethought"],"picked":"Finesse","floor":0},{"not_picked":["Redo","Heatsinks"],"picked":"Cold Snap","floor":1},{"not_picked":["Cold Snap","Rebound"],"picked":"Auto Shields","floor":3},{"not_picked":["Rebound","Steam"],"picked":"Streamline","floor":4},{"not_picked":["Capacitor","Go for the Eyes"],"picked":"Static Discharge","floor":7},{"not_picked":["Gash","Compile Driver"],"picked":"Rebound","floor":10},{"not_picked":["Sunder","Double Energy"],"picked":"Ball Lightning","floor":11},{"not_picked":["Stack","Echo Form"],"picked":"Ball Lightning","floor":12}],"player_experience":545313,"relics_obtained":[{"floor":9,"key":"Boot"},{"floor":10,"key":"Bronze Scales"}],"event_choices":[{"damage_healed":0,"gold_gain":0,"player_choice":"Entered Light","damage_taken":21,"max_hp_gain":0,"max_hp_loss":0,"event_name":"Shining Light","floor":2,"gold_loss":0,"cards_upgraded":["Defend_B","Strike_B"]},{"damage_healed":0,"gold_gain":0,"player_choice":"Cursed","damage_taken":0,"max_hp_gain":0,"max_hp_loss":0,"event_name":"Wheel of Change","floor":5,"gold_loss":0,"cards_obtained":["Decay"]}],"is_beta":false,"boss_relics":[],"items_purged_floors":[13],"is_endless":false,"potions_floor_spawned":[3,7,12],"killed_by":"Exordium Thugs","ascension_level":18}