{"gold_per_floor":[111,125,139,214,230,230,230,247,247,247,266,292,310,40,40,119,119,119,44,44,44,44,44,44,44,44,44,44,44,44,44,44,44],"floor_reached":33,"playtime":1204,"items_purged":["Defend_B"],"score":514,"play_id":"b7ce3650-29f8-403f-9554-84faf7f74fe3","local_time":"20230913060034","is_ascension_mode":true,"campfire_choices":[{"data":"Lockon","floor":6,"key":"SMITH"},{"data":"Sweeping Beam","floor":10,"key":"SMITH"},{"data":"Apotheosis","floor":15,"key":"SMITH"},{"floor":23,"key":"REST"},{"data":"White Noise","floor":25,"key":"SMITH"},{"data":"Electrodynamics","floor":27,"key":"SMITH"},{"data":"White Noise","floor":32,"key":"SMITH"}],"neow_cost":"NONE","seed_source_timestamp":277865331431100,"circlet_count":0,"master_deck":["AscendersBane","Strike_B","Strike_B","Strike_B","Defend_B","Defend_B","Defend_B","Zap","Dualcast","Double Energy","Self Repair+1","Glacier","Lockon+1","Sweeping Beam+1","White Noise+1","Loop","Barrage","Apotheosis+1","Electrodynamics+1","Ball Lightning","White Noise+1"],"relics":["Cracked Core","Pear","Du-Vu Doll","Ectoplasm","Anchor"],"potions_floor_usage":[16,28,33,33],"damage_taken":[{"damage":0,"enemies":"2 Louse","floor":1,"turns":3},{"damage":7,"enemies":"Jaw Worm","floor":2,"turns":2},{"damage":6,"enemies":"Cultist","floor":3,"turns":3},{"damage":4,"enemies":"Blue Slaver","floor":5,"turns":6},{"damage":0,"enemies":"Looter","floor":8,"turns":3},{"damage":35,"enemies":"Exordium Thugs","floor":11,"turns":5},{"damage":21,"enemies":"3 Sentries","floor":12,"turns":12},{"damage":18,"enemies":"3 Louse","floor":13,"turns":3},{"damage":5,"enemies":"Hexaghost","floor":16,"turns":8},{"damage":21,"enemies":"3 Byrds","floor":18,"turns":3},{"damage":0,"enemies":"Chosen","floor":20,"turns":3},{"damage":0,"enemies":"Centurion and Healer","floor":24,"turns":5},{"damage":0,"enemies":"3 Cultists","floor":28,"turns":2},{"damage":33,"enemies":"Snake Plant","floor":29,"turns":3},{"damage":7,"enemies":"Sentry and Sphere","floor":30,"turns":6},{"damage":68,"enemies":"Collector","floor":33,"turns":6}],"seed_played":"-5955326806414761392","potions_obtained":[{"floor":1,"key":"Dexterity Potion"},{"floor":11,"key":"Strength Potion"},{"floor":20,"key":"PowerPotion"},{"floor":30,"key":"FocusPotion"}],"is_trial":false,"path_per_floor":["M","M","M","?","M","R","?","M","T","R","M","E","M","$","R","B",null,"M","?","M","?","?","R","M","R","T","R","M","M","M","$","R","B"],"character_chosen":"DEFECT","items_purchased":["Apotheosis"],"campfire_rested":1,"item_purchase_floors":[14],"current_hp_per_floor":[71,64,65,54,57,57,62,62,72,72,44,30,19,19,19,24,76,62,62,62,34,34,63,73,73,73,73,83,60,53,53,53,0],"gold":44,"neow_bonus":"TEN_PERCENT_HP_BONUS","is_prod":false,"is_daily":false,"chose_seed":false,"campfire_upgraded":6,"win_rate":0,"timestamp":1694610034,"path_taken":["M","M","M","?","M","R","?","M","T","R","M","E","M","$","R","BOSS","M","?","M","?","?","R","M","R","T","R","M","M","M","$","R","BOSS"],"build_version":"2022-12-18","purchased_purges":1,"victory":false,"max_hp_per_floor":[78,78,78,78,78,78,83,83,93,93,93,93,93,93,93,93,93,93,93,93,98,98,98,98,98,98,98,98,98,98,98,98,98],"card_choices":[{"not_picked":["Stack","Hologram"],"picked":"Double Energy","floor":1},{"not_picked":["Consume","Loop"],"picked":"Self Repair","floor":2},{"not_picked":["Barrage","Turbo"],"picked":"Glacier","floor":3},{"not_picked":["Chill","Conserve Battery"],"picked":"Lockon","floor":5},{"not_picked":["Skim","Stack"],"picked":"Sweeping Beam","floor":8},{"not_picked":["Creative AI","Stack"],"picked":"White Noise","floor":11},{"not_picked":["Rebound","Compile Driver"],"picked":"Loop","floor":12},{"not_picked":["Compile Driver","Capacitor"],"picked":"Barrage","floor":13},{"not_picked":["Creative AI","All For One"],"picked":"Electrodynamics","floor":16},{"not_picked":["Rip and Tear","Barrage","Reprogram"],"picked":"SKIP","floor":18},{"not_picked":["Go for the Eyes","Static Discharge"],"picked":"Ball Lightning","floor":20},{"not_picked":["Beam Cell","Fusion+1","Electrodynamics"],"picked":"SKIP","floor":24},{"not_picked":["Storm","BootSequence"],"picked":"White Noise","floor":28},{"not_picked":["Blizzard","Turbo","Rebound"],"picked":"SKIP","floor":29},{"not_picked":["Go for the Eyes","Turbo+1","Reprogram"],"picked":"SKIP","floor":30}],"player_experience":579761,"relics_obtained":[{"floor":9,"key":"Pear"},{"floor":12,"key":"Du-Vu Doll"},{"floor":26,"key":"Anchor"}],"event_choices":[{"damage_healed":0,"gold_gain":75,"player_choice":"Gather Gold","damage_taken":11,"max_hp_gain":0,"max_hp_loss":0,"event_name":"World of Goop","floor":4,"gold_loss":0},{"damage_healed":0,"gold_gain":0,"player_choice":"Donut","damage_taken":0,"max_hp_gain":5,"max_hp_loss":0,"event_name":"Big Fish","floor":7,"gold_loss":0},{"cards_removed":["Strike_B"],"damage_healed":0,"gold_gain":0,"player_choice":"Gave Gold","damage_taken":0,"max_hp_gain":0,"max_hp_loss":0,"event_name":"Beggar","floor":19,"gold_loss":75},{"damage_healed":0,"gold_gain":0,"player_choice":"Shed Blood","damage_taken":33,"max_hp_gain":5,"max_hp_loss":0,"event_name":"Forgotten Altar","floor":21,"gold_loss":0},{"damage_healed":0,"gold_gain":0,"player_choice":"Forge","damage_taken":0,"max_hp_gain":0,"max_hp_loss":0,"event_name":"Accursed Blacksmith","floor":22,"gold_loss":0,"cards_upgraded":["Self Repair"]}],"is_beta":false,"boss_relics":[{"not_picked":["Runic Dome","Calling Bell"],"picked":"Ectoplasm"}],"items_purged_floors":[14],"is_endless":false,"potions_floor_spawned":[1,11,13,20,30],"killed_by":"Collector","ascension_level":19}