{"gold_per_floor":[114,114,114,133,183,213,213,227,227,244,256,256,285,304,304,377,377,395,395,423,441,71,71,83,83,83,83,98,98,4,21,21,21],"floor_reached":33,"playtime":1572,"items_purged":["Strike_B","Strike_B"],"score":550,"play_id":"20f2ae3a-7ed4-40f0-80fd-1c2c15923bc3","local_time":"20230913050700","is_ascension_mode":true,"campfire_choices":[{"data":"Dualcast","floor":7.0,"key":"SMITH"},{"floor":12.0,"key":"REST"},{"floor":15.0,"key":"REST"},{"data":"Defragment","floor":23,"key":"SMITH"},{"data":"Consume","floor":27,"key":"SMITH"},{"data":"Defragment","floor":32,"key":"SMITH"}],"neow_cost":"NONE","seed_source_timestamp":274248569390400,"circlet_count":0,"master_deck":["AscendersBane","Strike_B","Strike_B+1","Defend_B","Defend_B","Defend_B","Defend_B","Zap","Dualcast+1","Capacitor","Cold Snap","Streamline+1","Compile Driver","Defragment+1","Chill+1","Consume+1","Coolheaded","Reboot","Glacier+1","Dark Shackles","Doom and Gloom","Defragment+1","Double Energy"],"special_seed":0,"relics":["Cracked Core","NeowsBlessing","Ornamental Fan","Singing Bowl","Turnip","Coffee Dripper","Red Mask","Membership Card","Whetstone","Bottled Tornado"],"potions_floor_usage":[18,20,24,31],"damage_taken":[{"damage":0.0,"enemies":"2 Louse","floor":1.0,"turns":1.0},{"damage":0.0,"enemies":"Jaw Worm","floor":4.0,"turns":1.0},{"damage":0.0,"enemies":"Lagavulin","floor":6.0,"turns":1.0},{"damage":0.0,"enemies":"Cultist","floor":8.0,"turns":3.0},{"damage":6.0,"enemies":"Exordium Wildlife","floor":10.0,"turns":3.0},{"damage":27.0,"enemies":"Exordium Thugs","floor":11.0,"turns":4.0},{"damage":30.0,"enemies":"3 Sentries","floor":13.0,"turns":10.0},{"damage":9.0,"enemies":"Red Slaver","floor":14.0,"turns":3.0},{"damage":32.0,"enemies":"The Guardian","floor":16.0,"turns":17.0},{"damage":9,"enemies":"Chosen","floor":18,"turns":5},{"damage":47,"enemies":"Masked Bandits","floor":20,"turns":6},{"damage":0,"enemies":"Spheric Guardian","floor":21,"turns":6},{"damage":0,"enemies":"Snecko","floor":24,"turns":9},{"damage":0,"enemies":"Sentry and Sphere","floor":28,"turns":9},{"damage":16,"enemies":"Cultist and Chosen","floor":31,"turns":7},{"damage":24,"enemies":"Automaton","floor":33,"turns":12}],"seed_played":"2325360395476267816","potions_obtained":[{"floor":6.0,"key":"Ancient Potion"},{"floor":8.0,"key":"AttackPotion"},{"floor":13.0,"key":"Ancient Potion"},{"floor":24,"key":"SteroidPotion"}],"is_trial":false,"path_per_floor":["M","?","?","M","?","E","R","M","T","M","M","R","E","M","R","B",null,"M","?","?","M","$","R","M","?","T","R","M","?","$","M","R","B"],"character_chosen":"DEFECT","items_purchased":["Membership Card","Whetstone","Regen Potion","Dark Shackles","Defragment"],"campfire_rested":2,"item_purchase_floors":[22,22,22,22,30],"current_hp_per_floor":[64,69,69,69,62,62,62,62,62,56,29,51,21,12,34,2,58,51,67,20,22,22,22,39,39,39,39,39,39,39,23,23,0],"gold":21,"neow_bonus":"THREE_ENEMY_KILL","is_prod":false,"is_daily":false,"chose_seed":false,"campfire_upgraded":4,"win_rate":0,"timestamp":1694606820,"path_taken":["M","?","?","M","?","E","R","M","T","M","M","R","E","M","R","BOSS","M","?","?","?","?","R","M","?","T","R","M","?","$","M","R","BOSS"],"build_version":"2022-12-18","purchased_purges":2,"victory":false,"max_hp_per_floor":[71,76,76,76,76,76,76,76,76,76,76,76,76,76,76,76,76,78,78,78,80,80,80,82,82,82,82,82,82,82,82,82,82],"card_choices":[{"not_picked":["Stack","Force Field"],"picked":"Capacitor","floor":1.0},{"not_picked":["Stack","Tempest"],"picked":"Cold Snap","floor":4.0},{"not_picked":["Go for the Eyes","Doom and Gloom"],"picked":"Streamline","floor":6.0},{"not_picked":["Redo","Static Discharge"],"picked":"Compile Driver","floor":8.0},{"not_picked":["Rip and Tear","Leap"],"picked":"Defragment","floor":10.0},{"not_picked":["Sweeping Beam","Compile Driver"],"picked":"Chill","floor":11.0},{"not_picked":["Buffer","Sweeping Beam"],"picked":"Consume","floor":13.0},{"not_picked":["Compile Driver","Streamline"],"picked":"Coolheaded","floor":14.0},{"not_picked":["All For One","Creative AI"],"picked":"Reboot","floor":16.0},{"not_picked":["Gash+1","Rebound","Stack"],"picked":"Singing Bowl","floor":18},{"not_picked":["Stack","Lockon"],"picked":"Glacier+1","floor":20},{"not_picked":["Force Field","Sunder","Doom and Gloom"],"picked":"Singing Bowl","floor":21},{"not_picked":["Compile Driver","White Noise","Melter"],"picked":"Singing Bowl","floor":24},{"not_picked":["Beam Cell","Storm"],"picked":"Doom and Gloom","floor":28},{"not_picked":["Leap","FTL"],"picked":"Double Energy","floor":31}],"player_experience":576282,"relics_obtained":[{"floor":6.0,"key":"Ornamental Fan"},{"floor":9.0,"key":"Singing Bowl"},{"floor":13.0,"key":"Turnip"},{"floor":20,"key":"Red Mask"},{"floor":26,"key":"Bottled Tornado"}],"event_choices":[{"damage_healed":0.0,"max_hp_gain":5.0,"max_hp_loss":0.0,"gold_gain":0.0,"event_name":"Big Fish","player_choice":"Donut","floor":2.0,"gold_loss":0.0,"damage_taken":0.0},{"damage_healed":0.0,"max_hp_gain":0.0,"max_hp_loss":0.0,"gold_gain":0.0,"event_name":"Liars Game","player_choice":"Ignored","floor":3.0,"gold_loss":0.0,"damage_taken":0.0},{"damage_healed":0.0,"max_hp_gain":0.0,"max_hp_loss":0.0,"gold_gain":50.0,"event_name":"FaceTrader","player_choice":"Touch","floor":5.0,"gold_loss":0.0,"damage_taken":7.0},{"damage_healed":16,"gold_gain":0,"player_choice":"Heal","damage_taken":0,"max_hp_gain":0,"max_hp_loss":0,"event_name":"The Library","floor":19,"gold_loss":0},{"damage_healed":0,"gold_gain":0,"player_choice":"Fought Bandits","damage_taken":0,"max_hp_gain":0,"max_hp_loss":0,"event_name":"Masked Bandits","floor":20,"gold_loss":0},{"damage_healed":0,"gold_gain":0,"player_choice":"Ignored","damage_taken":0,"max_hp_gain":0,"max_hp_loss":0,"event_name":"The Mausoleum","floor":25,"gold_loss":0},{"damage_healed":0,"gold_gain":0,"player_choice":"Forge","damage_taken":0,"max_hp_gain":0,"max_hp_loss":0,"event_name":"Accursed Blacksmith","floor":29,"gold_loss":0,"cards_upgraded":["Chill"]}],"is_beta":false,"boss_relics":[{"not_picked":["Velvet Choker","Runic Pyramid"],"picked":"Coffee Dripper"}],"items_purged_floors":[22,30],"is_endless":false,"potions_floor_spawned":[6,8,13,24],"killed_by":"Automaton","ascension_level":19}