{"gold_per_floor":[37,37,37,77,128,128,188,188,188,227,272,112,112,141,141,219,219,230,69,69,82,82,82,82,98,122,122,205,248,287,287],"floor_reached":31,"playtime":929,"items_purged":["Strike_B"],"score":463,"play_id":"6f9716c6-2c8d-44f5-8b2c-b2788919d0cf","local_time":"20230906212808","is_ascension_mode":true,"campfire_choices":[{"data":"HandOfGreed","floor":6,"key":"SMITH"},{"data":"Darkness","floor":8,"key":"SMITH"},{"data":"Zap","floor":15,"key":"SMITH"},{"floor":23,"key":"REST"},{"floor":27,"key":"REST"}],"neow_cost":"NO_GOLD","seed_source_timestamp":2491271200964000,"circlet_count":0,"master_deck":["AscendersBane","Strike_B","Strike_B","Strike_B","Defend_B+1","Defend_B+1","Defend_B+1","Defend_B","Zap+1","Dualcast","HandOfGreed+1","Darkness+1","Lockon","Chill+1","Electrodynamics","Core Surge","Capacitor","Undo+1","Capacitor","Cold Snap","Steam Power+1"],"relics":["Cracked Core","Letter Opener","Darkstone Periapt","Fusion Hammer","ClockworkSouvenir","War Paint","Akabeko"],"potions_floor_usage":[7,16,29,31],"damage_taken":[{"damage":4,"enemies":"Jaw Worm","floor":1,"turns":4},{"damage":0,"enemies":"Cultist","floor":4,"turns":4},{"damage":1,"enemies":"Small Slimes","floor":5,"turns":4},{"damage":7,"enemies":"2 Fungi Beasts","floor":7,"turns":4},{"damage":0,"enemies":"Exordium Wildlife","floor":10,"turns":3},{"damage":3,"enemies":"Red Slaver","floor":11,"turns":5},{"damage":8,"enemies":"Gremlin Nob","floor":14,"turns":3},{"damage":40,"enemies":"Hexaghost","floor":16,"turns":8},{"damage":9,"enemies":"2 Thieves","floor":18,"turns":2},{"damage":16,"enemies":"Chosen","floor":21,"turns":5},{"damage":11,"enemies":"Snake Plant","floor":25,"turns":5},{"damage":14,"enemies":"Slavers","floor":28,"turns":6},{"damage":15,"enemies":"Centurion and Healer","floor":29,"turns":6},{"damage":9,"enemies":"Snecko","floor":30,"turns":5},{"damage":13,"enemies":"Snake Plant","floor":31,"turns":2}],"seed_played":"-7399601820703693576","potions_obtained":[{"floor":1,"key":"FocusPotion"},{"floor":7,"key":"Fruit Juice"},{"floor":10,"key":"Fire Potion"},{"floor":14,"key":"PowerPotion"},{"floor":21,"key":"FocusPotion"},{"floor":29,"key":"EssenceOfDarkness"}],"is_trial":false,"path_per_floor":["M","?","?","M","M","R","M","R","T","M","M","$","?","E","R","B",null,"M","$","?","M","?","R","$","M","T","R","E","M","M","M"],"character_chosen":"DEFECT","items_purchased":["Electrodynamics","ClockworkSouvenir"],"campfire_rested":2,"item_purchase_floors":[12,19],"current_hp_per_floor":[60,39,39,39,38,38,36,36,36,36,33,33,58,50,50,10,60,51,51,29,13,13,37,37,26,26,50,36,21,12,0],"gold":287,"neow_bonus":"RANDOM_COLORLESS_2","is_prod":false,"is_daily":false,"chose_seed":false,"campfire_upgraded":3,"win_rate":0,"timestamp":1694060888,"path_taken":["M","?","?","M","M","R","?","R","T","M","M","$","?","E","R","BOSS","M","$","?","M","?","R","?","M","T","R","E","M","M","M"],"build_version":"2022-12-18","purchased_purges":1,"victory":false,"max_hp_per_floor":[71,71,71,71,71,71,76,76,76,76,76,76,76,76,76,76,76,76,76,81,81,81,81,81,81,81,81,81,81,81,81],"card_choices":[{"not_picked":["The Bomb","Magnetism"],"picked":"HandOfGreed","floor":0},{"not_picked":["Gash","Fusion","Scrape"],"picked":"SKIP","floor":1},{"not_picked":["Leap","Redo"],"picked":"Darkness","floor":4},{"not_picked":["Doom and Gloom","Barrage","Beam Cell"],"picked":"SKIP","floor":5},{"not_picked":["Conserve Battery","Chill"],"picked":"Lockon","floor":7},{"not_picked":["Force Field","FTL","Recycle"],"picked":"SKIP","floor":10},{"not_picked":["Melter","Redo"],"picked":"Chill","floor":11},{"not_picked":["Sunder","Gash","Rebound"],"picked":"SKIP","floor":14},{"not_picked":["Creative AI","Seek"],"picked":"Core Surge","floor":16},{"not_picked":["Reinforced Body","Glacier"],"picked":"Capacitor","floor":18},{"not_picked":["Cold Snap","Sweeping Beam"],"picked":"Undo+1","floor":21},{"not_picked":["Cold Snap","Redo"],"picked":"Capacitor","floor":25},{"not_picked":["Core Surge","Darkness"],"picked":"Cold Snap","floor":28},{"not_picked":["Hologram+1","Scrape"],"picked":"Steam Power+1","floor":29},{"not_picked":["Chaos","Genetic Algorithm","Undo"],"picked":"SKIP","floor":30}],"player_experience":495713,"relics_obtained":[{"floor":9,"key":"Letter Opener"},{"floor":14,"key":"Darkstone Periapt"},{"floor":26,"key":"War Paint"},{"floor":28,"key":"Akabeko"}],"event_choices":[{"damage_healed":0,"gold_gain":0,"player_choice":"Entered Light","damage_taken":21,"max_hp_gain":0,"max_hp_loss":0,"event_name":"Shining Light","floor":2,"gold_loss":0,"cards_upgraded":["Defend_B","Defend_B"]},{"damage_healed":0,"gold_gain":0,"player_choice":"0 cards matched","damage_taken":0,"max_hp_gain":0,"max_hp_loss":0,"event_name":"Match and Keep!","floor":3,"gold_loss":0,"cards_obtained":[]},{"damage_healed":25,"gold_gain":0,"player_choice":"Banana","damage_taken":0,"max_hp_gain":0,"max_hp_loss":0,"event_name":"Big Fish","floor":13,"gold_loss":0},{"damage_healed":0,"gold_gain":0,"player_choice":"Shed Blood","damage_taken":27,"max_hp_gain":5,"max_hp_loss":0,"event_name":"Forgotten Altar","floor":20,"gold_loss":0},{"damage_healed":0,"gold_gain":0,"player_choice":"Ignored","damage_taken":0,"max_hp_gain":0,"max_hp_loss":0,"event_name":"Vampires","floor":22,"gold_loss":0}],"is_beta":false,"boss_relics":[{"not_picked":["SacredBark","Runic Dome"],"picked":"Fusion Hammer"}],"items_purged_floors":[12],"is_endless":false,"potions_floor_spawned":[1,7,10,11,14,21,29,30],"killed_by":"Snake Plant","ascension_level":16}