{"gold_per_floor":[117,131,149,19,19,19,38,38,38,52,88,88,123,157,157,255,255,273,198,198,216,216,216,241,241,266,280,280,2,2,20,20,98,98,116,61,61,61,71,71,103,113,113,138,157,157,73,87,87,87],"floor_reached":50,"playtime":2710,"items_purged":["Strike_B","Strike_B"],"score":1020,"play_id":"e9dc0df2-fce4-47d0-8225-bf28af4ff3bc","local_time":"20230913070405","is_ascension_mode":true,"campfire_choices":[{"data":"Zap","floor":6.0,"key":"SMITH"},{"data":"Melter","floor":8.0,"key":"SMITH"},{"data":"Rip and Tear","floor":12.0,"key":"SMITH"},{"data":"Undo","floor":15.0,"key":"SMITH"},{"data":"Conserve Battery","floor":23,"key":"SMITH"},{"data":"Double Energy","floor":25,"key":"SMITH"},{"data":"Coolheaded","floor":28,"key":"SMITH"},{"data":"Rainbow","floor":32,"key":"SMITH"},{"data":"Dualcast","floor":40,"key":"SMITH"},{"data":"Static Discharge","floor":46,"key":"SMITH"},{"data":"Chill","floor":49,"key":"SMITH"}],"neow_cost":"NONE","seed_source_timestamp":280121342838800,"circlet_count":0,"master_deck":["AscendersBane","Strike_B","Defend_B","Defend_B","Defend_B","Defend_B","Zap+1","Dualcast+1","Melter+1","Coolheaded+1","Rip and Tear+1","Conserve Battery+1","Chill+1","Compile Driver","Undo+1","Machine Learning+1","Compile Driver+1","Double Energy+1","Tempest","Ball Lightning","Rainbow+1","Core Surge","Go for the Eyes+1","Redo+1","Rebound","Static Discharge+1","Capacitor+1","Amplify","Compile Driver+1"],"special_seed":0,"relics":["Cracked Core","PreservedInsect","Bloody Idol","Bag of Preparation","Eternal Feather","DataDisk","Odd Mushroom","Philosopher\u0027s Stone","Darkstone Periapt","Ancient Tea Set","Coffee Dripper","Omamori","Juzu Bracelet","Calipers"],"potions_floor_usage":[33,50,50],"damage_taken":[{"damage":5.0,"enemies":"Small Slimes","floor":1.0,"turns":3.0},{"damage":4.0,"enemies":"2 Louse","floor":2.0,"turns":3.0},{"damage":5.0,"enemies":"Jaw Worm","floor":3.0,"turns":4.0},{"damage":10.0,"enemies":"Looter","floor":7.0,"turns":3.0},{"damage":5.0,"enemies":"Lots of Slimes","floor":10.0,"turns":3.0},{"damage":11.0,"enemies":"Lagavulin","floor":11.0,"turns":5.0},{"damage":0.0,"enemies":"3 Sentries","floor":13.0,"turns":3.0},{"damage":17.0,"enemies":"The Mushroom Lair","floor":14.0,"turns":3.0},{"damage":4,"enemies":"The Guardian","floor":16,"turns":13},{"damage":20,"enemies":"2 Thieves","floor":18,"turns":4},{"damage":0,"enemies":"Spheric Guardian","floor":21,"turns":1},{"damage":22,"enemies":"Slavers","floor":24,"turns":5},{"damage":13,"enemies":"Chosen and Byrds","floor":27,"turns":6},{"damage":2,"enemies":"Cultist and Chosen","floor":31,"turns":4},{"damage":23,"enemies":"Champ","floor":33,"turns":11},{"damage":0,"enemies":"3 Darklings","floor":35,"turns":4},{"damage":9,"enemies":"Orb Walker","floor":39,"turns":2},{"damage":5,"enemies":"Giant Head","floor":41,"turns":6},{"damage":18,"enemies":"Maw","floor":42,"turns":5},{"damage":2,"enemies":"Mind Bloom Boss Battle","floor":44,"turns":4},{"damage":18,"enemies":"Writhing Mass","floor":45,"turns":5},{"damage":24,"enemies":"Sphere and 2 Shapes","floor":48,"turns":4},{"damage":72,"enemies":"Donu and Deca","floor":50,"turns":6}],"seed_played":"-1338843776711626274","potions_obtained":[{"floor":3.0,"key":"FearPotion"},{"floor":11.0,"key":"FocusPotion"},{"floor":13.0,"key":"ColorlessPotion"},{"floor":14.0,"key":"SmokeBomb"},{"floor":16,"key":"DuplicationPotion"},{"floor":33,"key":"Strength Potion"}],"is_trial":false,"path_per_floor":["M","M","M","$","?","R","M","R","T","M","E","R","E","?","R","B",null,"M","?","?","M","?","R","E","R","T","M","R","$","?","M","R","B",null,"M","$","?","?","M","R","E","M","T","?","M","R","$","M","R","B"],"character_chosen":"DEFECT","items_purchased":["Explosive Potion","Ball Lightning","Rainbow","FocusPotion","Amplify"],"campfire_rested":0,"item_purchase_floors":[4,29,29,36,47],"current_hp_per_floor":[59,55,50,50,50,50,40,40,40,35,24,33,33,16,25,21,53,33,33,33,33,33,42,25,34,39,31,43,43,43,46,58,40,58,63,63,63,63,59,64,64,51,51,54,41,56,56,37,52,0],"gold":87,"neow_bonus":"RANDOM_COMMON_RELIC","is_prod":false,"is_daily":false,"chose_seed":false,"campfire_upgraded":11,"win_rate":0,"timestamp":1694613845,"path_taken":["M","M","M","$","?","R","M","R","T","M","E","R","E","?","R","BOSS","M","?","?","?","?","R","E","R","T","M","R","$","?","M","R","BOSS","M","$","?","?","M","R","E","M","T","?","M","R","$","M","R","BOSS"],"build_version":"2022-12-18","purchased_purges":2,"victory":false,"max_hp_per_floor":[71,71,71,71,64,64,64,64,64,64,64,64,64,64,64,64,64,64,64,64,64,64,64,64,64,64,64,64,64,64,64,64,64,64,64,64,64,64,64,64,64,64,64,64,64,64,64,64,64,64],"card_choices":[{"not_picked":["Compile Driver","Leap"],"picked":"Melter","floor":1.0},{"not_picked":["Gash","Chaos"],"picked":"Coolheaded","floor":2.0},{"not_picked":["Go for the Eyes","Barrage"],"picked":"Rip and Tear","floor":3.0},{"not_picked":["Streamline","Leap"],"picked":"Conserve Battery","floor":7.0},{"not_picked":["Stack","Cold Snap","Blizzard"],"picked":"SKIP","floor":10.0},{"not_picked":["White Noise","Fusion"],"picked":"Chill","floor":11.0},{"not_picked":["Hologram","Go for the Eyes"],"picked":"Compile Driver","floor":13.0},{"not_picked":["Stack","Go for the Eyes"],"picked":"Undo","floor":14.0},{"not_picked":["Meteor Strike","Creative AI"],"picked":"Machine Learning","floor":16},{"not_picked":["Conserve Battery","Turbo","Streamline"],"picked":"SKIP","floor":18},{"not_picked":["Cold Snap","Leap"],"picked":"Compile Driver+1","floor":21},{"not_picked":["Undo","Meteor Strike"],"picked":"Double Energy","floor":24},{"not_picked":["FTL","Steam"],"picked":"Tempest","floor":27},{"not_picked":["Sweeping Beam","Gash","Redo"],"picked":"SKIP","floor":31},{"not_picked":["Multi-Cast","Seek"],"picked":"Core Surge","floor":33},{"not_picked":["Sweeping Beam","Heatsinks","Go for the Eyes"],"picked":"SKIP","floor":35},{"not_picked":["Reprogram","Self Repair"],"picked":"Go for the Eyes+1","floor":39},{"not_picked":["Ball Lightning","Creative AI"],"picked":"Redo+1","floor":41},{"not_picked":["Leap","Auto Shields"],"picked":"Rebound","floor":42},{"not_picked":["Leap+1","Capacitor"],"picked":"Static Discharge","floor":44},{"not_picked":["Hologram","Stack+1"],"picked":"Capacitor+1","floor":45},{"not_picked":["Lockon","Reprogram"],"picked":"Compile Driver+1","floor":48}],"player_experience":581995,"relics_obtained":[{"floor":9.0,"key":"Bag of Preparation"},{"floor":11.0,"key":"Eternal Feather"},{"floor":13.0,"key":"DataDisk"},{"floor":14.0,"key":"Odd Mushroom"},{"floor":24,"key":"Darkstone Periapt"},{"floor":26,"key":"Ancient Tea Set"},{"floor":41,"key":"Omamori"},{"floor":43,"key":"Juzu Bracelet"},{"floor":44,"key":"Calipers"}],"event_choices":[{"damage_healed":0.0,"max_hp_gain":0.0,"max_hp_loss":7.0,"gold_gain":0.0,"event_name":"Golden Idol","player_choice":"Lose Max HP","floor":5.0,"gold_loss":0.0,"damage_taken":0.0,"relics_obtained":["Golden Idol"]},{"damage_healed":0.0,"max_hp_gain":0.0,"max_hp_loss":0.0,"gold_gain":0.0,"event_name":"Mushrooms","player_choice":"Fought Mushrooms","floor":14.0,"gold_loss":0.0,"damage_taken":0.0},{"cards_removed":["Strike_B"],"damage_healed":0,"gold_gain":0,"player_choice":"Gave Gold","damage_taken":0,"max_hp_gain":0,"max_hp_loss":0,"event_name":"Beggar","floor":19,"gold_loss":75},{"damage_healed":0,"gold_gain":0,"player_choice":"Forge","damage_taken":0,"max_hp_gain":0,"max_hp_loss":0,"event_name":"Accursed Blacksmith","floor":20,"gold_loss":0,"cards_upgraded":["Machine Learning"]},{"damage_healed":0,"gold_gain":0,"player_choice":"Gave Idol","damage_taken":0,"relics_obtained":["Bloody Idol"],"max_hp_gain":0,"max_hp_loss":0,"event_name":"Forgotten Altar","floor":22,"relics_lost":["Golden Idol"],"gold_loss":0},{"damage_healed":0,"gold_gain":0,"player_choice":"Ignored","damage_taken":0,"max_hp_gain":0,"max_hp_loss":0,"event_name":"Cursed Tome","floor":30,"gold_loss":0},{"damage_healed":0,"gold_gain":0,"player_choice":"Ignored","damage_taken":0,"max_hp_gain":0,"max_hp_loss":0,"event_name":"Mysterious Sphere","floor":37,"gold_loss":0},{"damage_healed":0,"gold_gain":0,"player_choice":"Got Potions","damage_taken":0,"max_hp_gain":0,"max_hp_loss":0,"event_name":"Lab","floor":38,"gold_loss":0},{"damage_healed":0,"gold_gain":0,"player_choice":"Fight","damage_taken":0,"max_hp_gain":0,"max_hp_loss":0,"event_name":"MindBloom","floor":44,"gold_loss":0}],"is_beta":false,"boss_relics":[{"not_picked":["Runic Dome","Runic Pyramid"],"picked":"Philosopher\u0027s Stone"},{"not_picked":["Sozu","Calling Bell"],"picked":"Coffee Dripper"}],"items_purged_floors":[4,29],"is_endless":false,"potions_floor_spawned":[3,11,13,14,16,21,33,41,48],"killed_by":"Donu and Deca","ascension_level":19}