{"gold_per_floor":[116,132,147,147,157,157,184,184,184,184,55,55,72,87,87,162,162,174,174,188,72,88,88,13,13,13,29,29],"floor_reached":28,"playtime":1098,"items_purged":[],"score":429,"play_id":"b941ab86-d22a-49fc-9712-7b908709333e","local_time":"20230913185457","is_ascension_mode":true,"campfire_choices":[{"data":"Defragment","floor":6,"key":"SMITH"},{"data":"Defragment","floor":8,"key":"SMITH"},{"data":"Zap","floor":10,"key":"SMITH"},{"data":"Sweeping Beam","floor":12,"key":"SMITH"},{"data":"Defragment","floor":15,"key":"SMITH"},{"data":"Machine Learning","floor":23,"key":"SMITH"},{"floor":25,"key":"REST"}],"neow_cost":"NONE","seed_source_timestamp":389117371700,"circlet_count":0,"master_deck":["AscendersBane","Strike_B","Defend_B","Defend_B+1","Defend_B","Defend_B+1","Zap+1","Dualcast","Glacier","Consume","Defragment+1","Defragment+1","Sweeping Beam+1","Aggregate","Defragment+1","Ball Lightning","Machine Learning+1","Lockon+1","Recycle","Leap","Skim","Self Repair","Coolheaded","Ball Lightning"],"relics":["Cracked Core","War Paint","MealTicket","CaptainsWheel","Runic Dome","InkBottle"],"potions_floor_usage":[7,28,28],"damage_taken":[{"damage":0,"enemies":"2 Louse","floor":1,"turns":2},{"damage":1,"enemies":"Jaw Worm","floor":2,"turns":4},{"damage":4,"enemies":"Small Slimes","floor":3,"turns":5},{"damage":6,"enemies":"2 Fungi Beasts","floor":5,"turns":4},{"damage":5,"enemies":"Lagavulin","floor":7,"turns":9},{"damage":4,"enemies":"Exordium Thugs","floor":13,"turns":4},{"damage":9,"enemies":"Red Slaver","floor":14,"turns":3},{"damage":15,"enemies":"Slime Boss","floor":16,"turns":6},{"damage":31,"enemies":"2 Thieves","floor":18,"turns":3},{"damage":22,"enemies":"Shell Parasite","floor":20,"turns":6},{"damage":0,"enemies":"3 Cultists","floor":22,"turns":5},{"damage":9,"enemies":"Centurion and Healer","floor":27,"turns":6},{"damage":50,"enemies":"Slavers","floor":28,"turns":3}],"seed_played":"399603337270075163","potions_obtained":[{"floor":2,"key":"SkillPotion"},{"floor":3,"key":"GamblersBrew"},{"floor":16,"key":"DuplicationPotion"}],"is_trial":false,"path_per_floor":["M","M","M","?","M","R","E","R","T","R","$","R","M","M","R","B",null,"M","?","M","$","M","R","?","R","T","M","E"],"character_chosen":"DEFECT","items_purchased":["Aggregate","Defragment","Self Repair","Coolheaded"],"campfire_rested":1,"item_purchase_floors":[11,11,21,21],"current_hp_per_floor":[64,63,59,48,42,42,37,37,37,37,52,52,48,39,39,24,59,28,28,6,21,28,28,28,49,49,47,0],"gold":29,"neow_bonus":"RANDOM_COMMON_RELIC","is_prod":false,"is_daily":false,"chose_seed":false,"campfire_upgraded":6,"win_rate":0,"timestamp":1694656497,"path_taken":["M","M","M","?","M","R","E","R","T","R","$","R","M","M","R","BOSS","M","?","M","$","M","R","?","R","T","M","E"],"build_version":"2022-12-18","purchased_purges":0,"victory":false,"max_hp_per_floor":[71,71,71,71,71,71,71,71,71,71,71,71,71,71,71,71,71,71,71,71,71,71,71,71,71,71,71,71],"card_choices":[{"not_picked":["Turbo","Hologram"],"picked":"Glacier","floor":1},{"not_picked":["Rebound","Leap"],"picked":"Consume","floor":2},{"not_picked":["Reinforced Body","Redo"],"picked":"Defragment","floor":3},{"not_picked":["Turbo","Leap"],"picked":"Defragment","floor":5},{"not_picked":["Rebound","Force Field"],"picked":"Sweeping Beam","floor":7},{"not_picked":["Barrage","Sunder"],"picked":"Ball Lightning","floor":13},{"not_picked":["Turbo","Fusion","Thunder Strike"],"picked":"SKIP","floor":14},{"not_picked":["Buffer","All For One"],"picked":"Machine Learning","floor":16},{"not_picked":["Darkness","Barrage"],"picked":"Lockon+1","floor":18},{"not_picked":["Doom and Gloom","Beam Cell"],"picked":"Skim","floor":20},{"not_picked":["Conserve Battery","Defragment"],"picked":"Ball Lightning","floor":22},{"not_picked":["Stack","Darkness","Barrage"],"picked":"SKIP","floor":27}],"player_experience":585657,"relics_obtained":[{"floor":7,"key":"CaptainsWheel"},{"floor":26,"key":"InkBottle"}],"event_choices":[{"damage_healed":0,"gold_gain":0,"player_choice":"Success","damage_taken":11,"relics_obtained":["MealTicket"],"max_hp_gain":0,"max_hp_loss":0,"event_name":"Scrap Ooze","floor":4,"gold_loss":0},{"damage_healed":0,"gold_gain":0,"cards_transformed":["Strike_B","Strike_B"],"player_choice":"Became Test Subject","damage_taken":0,"max_hp_gain":0,"max_hp_loss":0,"event_name":"Drug Dealer","floor":19,"gold_loss":0,"cards_obtained":["Recycle","Leap"]},{"cards_removed":["Strike_B"],"damage_healed":0,"gold_gain":0,"player_choice":"Gave Gold","damage_taken":0,"max_hp_gain":0,"max_hp_loss":0,"event_name":"Beggar","floor":24,"gold_loss":75}],"is_beta":false,"boss_relics":[{"not_picked":["Busted Crown","Runic Pyramid"],"picked":"Runic Dome"}],"items_purged_floors":[],"is_endless":false,"potions_floor_spawned":[2,3,5,16,22,27],"killed_by":"Slavers","ascension_level":19}