{"gold_per_floor":[116,116,136,154,165,165,165,165,165,165,14,53,67,82,82,171,171,184,184,203,218,218,218,218,237,237,250,250,261,261],"floor_reached":30,"playtime":981,"items_purged":["Strike_B"],"score":481,"play_id":"dcf514b0-e4f0-45f5-a923-7ce0dcf4bd40","local_time":"20230913052401","is_ascension_mode":true,"campfire_choices":[{"data":"Streamline","floor":6.0,"key":"SMITH"},{"data":"Sweeping Beam","floor":8.0,"key":"SMITH"},{"data":"Dualcast","floor":10.0,"key":"SMITH"},{"data":"Defragment","floor":15.0,"key":"SMITH"},{"data":"Turbo","floor":23.0,"key":"SMITH"},{"data":"Conserve Battery","floor":28.0,"key":"SMITH"}],"neow_cost":"NONE","seed_source_timestamp":275864989761199,"circlet_count":0,"master_deck":["AscendersBane","Strike_B","Strike_B","Strike_B","Defend_B","Defend_B+1","Defend_B","Defend_B+1","Zap","Dualcast+1","Streamline+1","FTL","Sweeping Beam+1","Cold Snap","Defragment+1","Ball Lightning","Leap","Compile Driver","Turbo+1","Conserve Battery+1","Defragment+1","Ball Lightning","Coolheaded"],"special_seed":0,"relics":["Cracked Core","Symbiotic Virus","Bloody Idol","War Paint","Akabeko","SacredBark","Mango"],"potions_floor_usage":[30],"damage_taken":[{"damage":0.0,"enemies":"2 Louse","floor":1.0,"turns":2.0},{"damage":2.0,"enemies":"Jaw Worm","floor":3.0,"turns":4.0},{"damage":0.0,"enemies":"Cultist","floor":4.0,"turns":3.0},{"damage":0.0,"enemies":"Large Slime","floor":5.0,"turns":3.0},{"damage":34.0,"enemies":"Gremlin Nob","floor":12.0,"turns":4.0},{"damage":0.0,"enemies":"3 Louse","floor":13.0,"turns":1.0},{"damage":8.0,"enemies":"Exordium Thugs","floor":14.0,"turns":3.0},{"damage":5.0,"enemies":"The Guardian","floor":16.0,"turns":8.0},{"damage":9.0,"enemies":"Chosen","floor":18.0,"turns":4.0},{"damage":2.0,"enemies":"Spheric Guardian","floor":20.0,"turns":3.0},{"damage":13.0,"enemies":"3 Cultists","floor":21.0,"turns":4.0},{"damage":27.0,"enemies":"Snake Plant","floor":25.0,"turns":4.0},{"damage":21.0,"enemies":"Shelled Parasite and Fungi","floor":27.0,"turns":5.0},{"damage":9.0,"enemies":"Centurion and Healer","floor":29.0,"turns":5.0},{"damage":46,"enemies":"Gremlin Leader","floor":30,"turns":4}],"seed_played":"-6877669370450536320","potions_obtained":[{"floor":1.0,"key":"Fruit Juice"},{"floor":3.0,"key":"CultistPotion"},{"floor":12.0,"key":"Dexterity Potion"},{"floor":18.0,"key":"DuplicationPotion"},{"floor":29.0,"key":"SpeedPotion"}],"is_trial":false,"path_per_floor":["M","?","M","M","M","R","?","R","T","R","$","E","M","M","R","B",null,"M","?","M","M","?","R","?","M","T","M","R","M","E"],"character_chosen":"DEFECT","items_purchased":["Defragment"],"campfire_rested":0,"item_purchase_floors":[11],"current_hp_per_floor":[76,65,63,63,63,63,63,63,63,63,63,29,29,21,21,16,60,51,85,83,70,70,70,70,48,62,46,46,42,0],"gold":261,"neow_bonus":"TEN_PERCENT_HP_BONUS","is_prod":false,"is_daily":false,"chose_seed":false,"campfire_upgraded":6,"win_rate":0,"timestamp":1694607841,"path_taken":["M","?","M","M","M","R","?","R","T","R","$","E","M","?","R","BOSS","M","?","M","?","?","R","?","?","T","M","R","M","E"],"build_version":"2022-12-18","purchased_purges":1,"victory":false,"max_hp_per_floor":[83,83,83,83,83,83,75,75,75,75,75,75,75,75,75,75,75,75,85,85,85,85,85,85,85,99,99,99,99,99],"card_choices":[{"not_picked":["Blizzard","FTL"],"picked":"Streamline","floor":1.0},{"not_picked":["Gash","Steam"],"picked":"FTL","floor":3.0},{"not_picked":["BootSequence","Gash"],"picked":"Sweeping Beam","floor":4.0},{"not_picked":["Go for the Eyes","Static Discharge"],"picked":"Cold Snap","floor":5.0},{"not_picked":["Leap","Streamline"],"picked":"Ball Lightning","floor":12.0},{"not_picked":["Compile Driver","Redo","Streamline"],"picked":"SKIP","floor":13.0},{"not_picked":["Hologram","Hello World"],"picked":"Leap","floor":14.0},{"not_picked":["Machine Learning","Reboot"],"picked":"Hyperbeam","floor":16.0},{"not_picked":["Streamline+1","Ball Lightning"],"picked":"Compile Driver","floor":18.0},{"not_picked":["Heatsinks","Ball Lightning"],"picked":"Turbo","floor":20.0},{"not_picked":["Leap","Compile Driver+1"],"picked":"Conserve Battery","floor":21.0},{"not_picked":["Echo Form","Streamline"],"picked":"Ball Lightning","floor":25.0},{"not_picked":["Streamline","Hologram","Turbo"],"picked":"SKIP","floor":27.0},{"not_picked":["Stack","Rebound"],"picked":"Coolheaded","floor":29.0}],"player_experience":577854,"relics_obtained":[{"floor":9.0,"key":"War Paint"},{"floor":12.0,"key":"Akabeko"},{"floor":26.0,"key":"Mango"}],"event_choices":[{"damage_healed":0.0,"max_hp_gain":0.0,"max_hp_loss":0.0,"gold_gain":0.0,"event_name":"Scrap Ooze","player_choice":"Success","floor":2.0,"gold_loss":0.0,"damage_taken":11.0,"relics_obtained":["Symbiotic Virus"]},{"damage_healed":0.0,"max_hp_gain":0.0,"max_hp_loss":8.0,"gold_gain":0.0,"event_name":"Golden Idol","player_choice":"Lose Max HP","floor":7.0,"gold_loss":0.0,"damage_taken":0.0,"relics_obtained":["Golden Idol"]},{"cards_removed":["Hyperbeam"],"damage_healed":24.0,"max_hp_gain":10.0,"max_hp_loss":0.0,"gold_gain":0.0,"event_name":"Bonfire Elementals","player_choice":"Offered Rare","floor":19.0,"gold_loss":0.0,"damage_taken":0.0},{"damage_healed":0.0,"max_hp_gain":0.0,"max_hp_loss":0.0,"gold_gain":0.0,"event_name":"Forgotten Altar","player_choice":"Gave Idol","floor":22.0,"relics_lost":["Golden Idol"],"gold_loss":0.0,"damage_taken":0.0,"relics_obtained":["Bloody Idol"]},{"damage_healed":0.0,"max_hp_gain":0.0,"max_hp_loss":0.0,"gold_gain":0.0,"event_name":"Duplicator","player_choice":"Copied","floor":24.0,"gold_loss":0.0,"damage_taken":0.0,"cards_obtained":["Defragment"]}],"is_beta":false,"boss_relics":[{"not_picked":["Fusion Hammer","Black Star"],"picked":"SacredBark"}],"items_purged_floors":[11],"is_endless":false,"potions_floor_spawned":[1,3,12,14,18,29],"killed_by":"Gremlin Leader","ascension_level":19}