{"gold_per_floor":[114,124,143,143,18,18,49,49,49,75,85,85,100,118,118,191,191,210,222,67,67,80,80,93,93],"floor_reached":25,"playtime":1136,"items_purged":["Strike_B","Strike_B"],"score":387,"play_id":"38aafa0d-ac53-4930-96bd-939eac621098","local_time":"20230906193322","is_ascension_mode":true,"campfire_choices":[{"data":"Dualcast","floor":6,"key":"SMITH"},{"floor":8,"key":"REST"},{"floor":12,"key":"REST"},{"data":"Hologram","floor":15,"key":"SMITH"},{"data":"Self Repair","floor":23,"key":"SMITH"}],"neow_cost":"NONE","seed_source_timestamp":2484178099618800,"circlet_count":0,"master_deck":["AscendersBane","Strike_B","Strike_B","Defend_B+1","Defend_B","Defend_B","Defend_B","Zap","Dualcast+1","Gash+1","Gash","Cold Snap","Gash","Hologram+1","Seek","Beam Cell","Self Repair+1"],"relics":["Cracked Core","Gremlin Horn","Strawberry","Ornamental Fan","SlaversCollar"],"potions_floor_usage":[10,24,24],"damage_taken":[{"damage":1,"enemies":"Cultist","floor":1,"turns":3},{"damage":7,"enemies":"Jaw Worm","floor":2,"turns":2},{"damage":0,"enemies":"2 Louse","floor":3,"turns":3},{"damage":34,"enemies":"Lagavulin","floor":7,"turns":8},{"damage":11,"enemies":"3 Sentries","floor":10,"turns":7},{"damage":4,"enemies":"Looter","floor":11,"turns":2},{"damage":1,"enemies":"Blue Slaver","floor":13,"turns":3},{"damage":0,"enemies":"2 Fungi Beasts","floor":14,"turns":3},{"damage":33,"enemies":"Hexaghost","floor":16,"turns":10},{"damage":9,"enemies":"3 Byrds","floor":18,"turns":5},{"damage":15,"enemies":"2 Thieves","floor":19,"turns":5},{"damage":20,"enemies":"Snecko","floor":22,"turns":5},{"damage":12,"enemies":"Chosen and Byrds","floor":24,"turns":7},{"damage":24,"enemies":"Shelled Parasite and Fungi","floor":25,"turns":3}],"seed_played":"-3521545152791932992","potions_obtained":[{"floor":2,"key":"SpeedPotion"},{"floor":3,"key":"EssenceOfSteel"},{"floor":11,"key":"DuplicationPotion"},{"floor":24,"key":"Energy Potion"}],"is_trial":false,"path_per_floor":["M","M","M","?","$","R","E","R","T","E","M","R","M","M","R","B",null,"M","M","$","?","M","R","M","M"],"character_chosen":"DEFECT","items_purchased":["Cold Snap","Beam Cell"],"campfire_rested":2,"item_purchase_floors":[5,20],"current_hp_per_floor":[70,63,63,40,40,40,6,29,36,25,21,46,45,45,45,12,67,58,43,43,43,23,23,21,0],"gold":93,"neow_bonus":"TEN_PERCENT_HP_BONUS","is_prod":false,"is_daily":false,"chose_seed":false,"campfire_upgraded":3,"win_rate":0,"timestamp":1694054002,"path_taken":["M","M","?","?","$","R","E","R","T","E","M","R","M","M","R","BOSS","M","M","$","?","M","R","M","M"],"build_version":"2022-12-18","purchased_purges":2,"victory":false,"max_hp_per_floor":[78,78,78,78,78,78,78,78,85,85,85,85,85,85,85,85,85,85,85,85,85,85,85,85,85],"card_choices":[{"not_picked":["Compile Driver","Loop"],"picked":"Gash","floor":1},{"not_picked":["Recycle","Rebound","Loop"],"picked":"SKIP","floor":2},{"not_picked":["Streamline","Leap"],"picked":"Gash","floor":3},{"not_picked":["Sunder","Fusion"],"picked":"Gash","floor":7},{"not_picked":["Consume","Redo"],"picked":"Hologram","floor":10},{"not_picked":["White Noise","Conserve Battery"],"picked":"Seek","floor":11},{"not_picked":["Skim","Stack","Go for the Eyes"],"picked":"SKIP","floor":13},{"not_picked":["Cold Snap","Compile Driver","Leap"],"picked":"SKIP","floor":14},{"not_picked":["Defragment","Fusion","Storm"],"picked":"SKIP","floor":18},{"not_picked":["Fusion","Hologram","Conserve Battery"],"picked":"SKIP","floor":19},{"not_picked":["Darkness+1","Steam"],"picked":"Self Repair","floor":22},{"not_picked":["Fusion","Beam Cell","Turbo+1"],"picked":"SKIP","floor":24}],"player_experience":490035,"relics_obtained":[{"floor":7,"key":"Gremlin Horn"},{"floor":9,"key":"Strawberry"},{"floor":10,"key":"Ornamental Fan"}],"event_choices":[{"damage_healed":0,"gold_gain":0,"player_choice":"Entered Light","damage_taken":23,"max_hp_gain":0,"max_hp_loss":0,"event_name":"Shining Light","floor":4,"gold_loss":0,"cards_upgraded":["Defend_B","Gash"]},{"damage_healed":0,"gold_gain":0,"player_choice":"Ignored","damage_taken":0,"max_hp_gain":0,"max_hp_loss":0,"event_name":"Vampires","floor":21,"gold_loss":0}],"is_beta":false,"boss_relics":[{"not_picked":["FrozenCore","Pandora\u0027s Box"],"picked":"SlaversCollar"}],"items_purged_floors":[5,20],"is_endless":false,"potions_floor_spawned":[2,3,11,19,24],"killed_by":"Shelled Parasite and Fungi","ascension_level":16}