{"gold_per_floor":[118,130,130,55,20,20,32,32,32,42,117,134,153,171,171,171],"floor_reached":16,"playtime":533,"items_purged":["Strike_B"],"score":169,"play_id":"f98254b4-5ec8-429e-9534-74b98288fbb5","local_time":"20230906185441","is_ascension_mode":true,"campfire_choices":[{"data":"Zap","floor":6,"key":"SMITH"},{"data":"Leap","floor":8,"key":"SMITH"},{"data":"Fission","floor":15,"key":"SMITH"}],"neow_cost":"PERCENT_DAMAGE","seed_source_timestamp":2482460350693700,"circlet_count":0,"master_deck":["AscendersBane","Strike_B","Strike_B","Defend_B","Defend_B","Defend_B","Defend_B","Zap+1","Dualcast","Leap+1","Glacier","FTL","Tempest","Fission+1","Redo"],"relics":["Cracked Core","Matryoshka"],"potions_floor_usage":[],"damage_taken":[{"damage":2,"enemies":"Jaw Worm","floor":1,"turns":3},{"damage":9,"enemies":"2 Louse","floor":2,"turns":4},{"damage":4,"enemies":"Small Slimes","floor":7,"turns":4},{"damage":5,"enemies":"2 Fungi Beasts","floor":10,"turns":4},{"damage":2,"enemies":"Looter","floor":12,"turns":3},{"damage":5,"enemies":"3 Louse","floor":13,"turns":4},{"damage":1,"enemies":"2 Fungi Beasts","floor":14,"turns":3},{"damage":50,"enemies":"The Guardian","floor":16,"turns":15}],"seed_played":"4655029147811743913","potions_obtained":[{"floor":12,"key":"Energy Potion"},{"floor":14,"key":"Strength Potion"}],"is_trial":false,"path_per_floor":["M","M","?","$","?","R","M","R","T","M","?","M","M","M","R","B"],"character_chosen":"DEFECT","items_purchased":[],"campfire_rested":0,"item_purchase_floors":[],"current_hp_per_floor":[58,49,42,42,63,63,59,59,59,54,43,41,36,35,35,0],"gold":171,"neow_bonus":"TWENTY_PERCENT_HP_BONUS","is_prod":false,"is_daily":false,"chose_seed":false,"campfire_upgraded":3,"win_rate":0,"timestamp":1694051681,"path_taken":["M","M","?","$","?","R","M","R","T","M","?","?","M","M","R","BOSS"],"build_version":"2022-12-18","purchased_purges":1,"victory":false,"max_hp_per_floor":[85,85,85,85,85,85,85,85,85,85,85,85,85,85,85,85],"card_choices":[{"not_picked":["Scrape","Sweeping Beam"],"picked":"Leap","floor":1},{"not_picked":["Hologram","Cold Snap"],"picked":"Glacier","floor":2},{"not_picked":["Buffer","Leap"],"picked":"FTL","floor":7},{"not_picked":["Force Field","Leap"],"picked":"Tempest","floor":10},{"not_picked":["Sweeping Beam","Compile Driver","Go for the Eyes"],"picked":"SKIP","floor":12},{"not_picked":["Rip and Tear","Beam Cell"],"picked":"Fission","floor":13},{"not_picked":["Turbo","Rebound"],"picked":"Redo","floor":14}],"player_experience":488363,"relics_obtained":[{"floor":9,"key":"Matryoshka"}],"event_choices":[{"cards_removed":["Strike_B"],"damage_healed":0,"gold_gain":0,"player_choice":"Card Removal","damage_taken":7,"max_hp_gain":0,"max_hp_loss":0,"event_name":"Golden Wing","floor":3,"gold_loss":0},{"damage_healed":21,"gold_gain":0,"player_choice":"Healed","damage_taken":0,"max_hp_gain":0,"max_hp_loss":0,"event_name":"The Cleric","floor":5,"gold_loss":35},{"damage_healed":0,"gold_gain":75,"player_choice":"Gather Gold","damage_taken":11,"max_hp_gain":0,"max_hp_loss":0,"event_name":"World of Goop","floor":11,"gold_loss":0}],"is_beta":false,"boss_relics":[],"items_purged_floors":[4],"is_endless":false,"potions_floor_spawned":[12,14],"killed_by":"The Guardian","ascension_level":16}