{"gold_per_floor":[119,119,194,214,214,214,214,232,232,232,248,20,20,37,37,37],"floor_reached":16,"playtime":337,"items_purged":[],"score":162,"play_id":"b62c1cb9-314e-4768-8c28-829e3b35e65c","local_time":"20230906211230","is_ascension_mode":true,"campfire_choices":[{"data":"Zap","floor":6,"key":"SMITH"},{"data":"Dualcast","floor":10,"key":"SMITH"},{"floor":13,"key":"REST"},{"data":"Capacitor","floor":15,"key":"SMITH"}],"neow_cost":"NONE","seed_source_timestamp":2490924525246800,"circlet_count":0,"master_deck":["AscendersBane","Strike_B","Strike_B","Defend_B","Defend_B","Defend_B","Defend_B","Zap+1","Dualcast+1","Cold Snap","Ball Lightning+1","Leap","Rip and Tear+1","Bandage Up","Capacitor+1","Loop"],"relics":["Cracked Core","Omamori","Molten Egg 2","Anchor"],"potions_floor_usage":[16],"damage_taken":[{"damage":0,"enemies":"2 Louse","floor":1,"turns":3},{"damage":2,"enemies":"Small Slimes","floor":4,"turns":4},{"damage":0,"enemies":"Jaw Worm","floor":8,"turns":2},{"damage":0,"enemies":"2 Fungi Beasts","floor":11,"turns":3},{"damage":9,"enemies":"Exordium Thugs","floor":14,"turns":3},{"damage":30,"enemies":"Slime Boss","floor":16,"turns":6}],"seed_played":"1762075837650958520","potions_obtained":[{"floor":8,"key":"SpeedPotion"},{"floor":11,"key":"PotionOfCapacity"},{"floor":14,"key":"EssenceOfSteel"}],"is_trial":false,"path_per_floor":["M","?","?","M","?","R","?","M","T","R","M","$","R","M","R","B"],"character_chosen":"DEFECT","items_purchased":["Rip and Tear+1","Bandage Up","Capacitor"],"campfire_rested":1,"item_purchase_floors":[12,12,12],"current_hp_per_floor":[64,38,27,25,25,25,18,18,18,18,18,18,39,34,34,8],"gold":37,"neow_bonus":"RANDOM_COMMON_RELIC","is_prod":false,"is_daily":false,"chose_seed":false,"campfire_upgraded":3,"win_rate":0,"timestamp":1694059950,"path_taken":["M","?","?","M","?","R","?","M","T","R","?","$","R","M","R","BOSS"],"build_version":"2022-12-18","purchased_purges":0,"victory":false,"max_hp_per_floor":[71,71,71,71,71,71,71,71,71,71,71,71,71,71,71,71],"card_choices":[{"not_picked":["Barrage","Static Discharge"],"picked":"Cold Snap","floor":1},{"not_picked":["Go for the Eyes+1","Fusion"],"picked":"Ball Lightning+1","floor":4},{"not_picked":["Reprogram","Beam Cell+1","Compile Driver+1"],"picked":"SKIP","floor":8},{"not_picked":["Rebound+1","Gash+1"],"picked":"Leap","floor":11},{"not_picked":["Auto Shields","Stack"],"picked":"Loop","floor":14}],"player_experience":495376,"relics_obtained":[{"floor":9,"key":"Anchor"}],"event_choices":[{"damage_healed":0,"gold_gain":0,"player_choice":"Success","damage_taken":26,"relics_obtained":["Molten Egg 2"],"max_hp_gain":0,"max_hp_loss":0,"event_name":"Scrap Ooze","floor":2,"gold_loss":0},{"damage_healed":0,"gold_gain":75,"player_choice":"Gather Gold","damage_taken":11,"max_hp_gain":0,"max_hp_loss":0,"event_name":"World of Goop","floor":3,"gold_loss":0},{"cards_removed":["Strike_B"],"damage_healed":0,"gold_gain":0,"player_choice":"Forget","damage_taken":0,"max_hp_gain":0,"max_hp_loss":0,"event_name":"Living Wall","floor":5,"gold_loss":0},{"cards_removed":["Strike_B"],"damage_healed":0,"gold_gain":0,"player_choice":"Card Removal","damage_taken":7,"max_hp_gain":0,"max_hp_loss":0,"event_name":"Golden Wing","floor":7,"gold_loss":0}],"is_beta":false,"boss_relics":[],"items_purged_floors":[],"is_endless":false,"potions_floor_spawned":[8,11,14],"killed_by":"Slime Boss","ascension_level":16}