{"gold_per_floor":[219,219,237,254,268,268,286,306,385,413,413,413,432,432],"floor_reached":14,"playtime":655,"items_purged":[],"score":169,"play_id":"ce132d78-dddd-41be-bd1f-85d89dc03443","local_time":"20230906191359","is_ascension_mode":true,"campfire_choices":[{"data":"Auto Shields","floor":6,"key":"SMITH"},{"data":"Defend_B","floor":12,"key":"SMITH"}],"neow_cost":"NONE","seed_source_timestamp":2483496398456700,"circlet_count":0,"master_deck":["AscendersBane","Strike_B","Strike_B","Strike_B","Defend_B+1","Defend_B","Defend_B","Defend_B","Zap","Dualcast","Gash","Coolheaded","Auto Shields+1","Coolheaded","Gash","Gash"],"relics":["Cracked Core","Kunai","Ornamental Fan"],"potions_floor_usage":[7,10],"damage_taken":[{"damage":2,"enemies":"Jaw Worm","floor":1,"turns":3},{"damage":2,"enemies":"Small Slimes","floor":3,"turns":3},{"damage":0,"enemies":"Cultist","floor":4,"turns":3},{"damage":14,"enemies":"Exordium Thugs","floor":5,"turns":7},{"damage":0,"enemies":"2 Fungi Beasts","floor":7,"turns":2},{"damage":2,"enemies":"Looter","floor":8,"turns":4},{"damage":4,"enemies":"Lagavulin","floor":10,"turns":10},{"damage":27,"enemies":"Gremlin Gang","floor":13,"turns":5},{"damage":18,"enemies":"Large Slime","floor":14,"turns":4}],"seed_played":"-603720707617783925","potions_obtained":[{"floor":4,"key":"Fire Potion"},{"floor":5,"key":"DistilledChaos"}],"is_trial":false,"path_per_floor":["M","?","M","M","M","R","M","M","T","E","?","R","M","M"],"character_chosen":"DEFECT","items_purchased":[],"campfire_rested":0,"item_purchase_floors":[],"current_hp_per_floor":[62,67,65,65,51,51,51,49,49,45,45,45,18,0],"gold":432,"neow_bonus":"HUNDRED_GOLD","is_prod":false,"is_daily":false,"chose_seed":false,"campfire_upgraded":2,"win_rate":0,"timestamp":1694052839,"path_taken":["M","?","M","M","M","R","M","M","T","E","?","R","?","M"],"build_version":"2022-12-18","purchased_purges":0,"victory":false,"max_hp_per_floor":[71,76,76,76,76,76,76,76,76,76,76,76,76,76],"card_choices":[{"not_picked":["Coolheaded","Undo"],"picked":"Gash","floor":1},{"not_picked":["Melter","Steam"],"picked":"Coolheaded","floor":3},{"not_picked":["Static Discharge","Turbo"],"picked":"Auto Shields","floor":4},{"not_picked":["Go for the Eyes","Fusion","Static Discharge"],"picked":"SKIP","floor":5},{"not_picked":["Steam Power","Hyperbeam","Tempest"],"picked":"SKIP","floor":7},{"not_picked":["Auto Shields","Barrage"],"picked":"Coolheaded","floor":8},{"not_picked":["Stack","Rebound"],"picked":"Gash","floor":10},{"not_picked":["Double Energy","Steam Power"],"picked":"Gash","floor":13}],"player_experience":489380,"relics_obtained":[{"floor":9,"key":"Kunai"},{"floor":10,"key":"Ornamental Fan"}],"event_choices":[{"damage_healed":0,"gold_gain":0,"player_choice":"Donut","damage_taken":0,"max_hp_gain":5,"max_hp_loss":0,"event_name":"Big Fish","floor":2,"gold_loss":0},{"cards_removed":["Strike_B"],"damage_healed":0,"gold_gain":0,"player_choice":"Offered Basic","damage_taken":0,"max_hp_gain":0,"max_hp_loss":0,"event_name":"Bonfire Elementals","floor":11,"gold_loss":0}],"is_beta":false,"boss_relics":[],"items_purged_floors":[],"is_endless":false,"potions_floor_spawned":[4,5],"killed_by":"Large Slime","ascension_level":16}