{"gold_per_floor":[361,379,39,55,55,55,75,90,138,213,245,245,96,107,107,184,184,199,185,201,211,15,15,27,61,61,111,131,131,157,171,171,249,249,267,267,39,39,50,85,85,85],"floor_reached":42,"playtime":1778,"items_purged":["Strike_B","Strike_B","Strike_B"],"score":880,"play_id":"955af4d9-422b-4176-9363-702047b5147b","local_time":"20230906215802","is_ascension_mode":true,"campfire_choices":[{"data":"Conserve Battery","floor":6,"key":"SMITH"},{"data":"Fission","floor":12,"key":"SMITH"},{"data":"Consume","floor":15,"key":"SMITH"},{"floor":23,"key":"REST"},{"data":"Biased Cognition","floor":29,"key":"SMITH"},{"floor":32,"key":"REST"},{"data":"Fission","floor":41,"key":"SMITH"}],"neow_cost":"TEN_PERCENT_HP_LOSS","seed_source_timestamp":2492214874522400,"circlet_count":0,"master_deck":["AscendersBane","Defend_B","Defend_B","Defend_B","Defend_B","Zap+1","Dualcast","Auto Shields","Leap","Conserve Battery+1","Fission+1","Consume+1","Leap","Go for the Eyes+1","Bandage Up","Melter+1","Biased Cognition+1","Leap+1","Ball Lightning+1","Ball Lightning+1","Blind","Cold Snap+1","Ball Lightning+1","Coolheaded","Go for the Eyes+1","Fission+1","Biased Cognition"],"relics":["Cracked Core","Mercury Hourglass","Regal Pillow","Molten Egg 2","Cursed Key","Omamori","FossilizedHelix","Red Mask","Sozu","Membership Card","Blue Candle"],"potions_floor_usage":[11,11,21,25,25,30,33],"damage_taken":[{"damage":1,"enemies":"Small Slimes","floor":1,"turns":3},{"damage":0,"enemies":"Cultist","floor":2,"turns":4},{"damage":0,"enemies":"2 Louse","floor":4,"turns":3},{"damage":1,"enemies":"Exordium Thugs","floor":7,"turns":5},{"damage":5,"enemies":"Lots of Slimes","floor":8,"turns":3},{"damage":6,"enemies":"Gremlin Nob","floor":11,"turns":4},{"damage":0,"enemies":"Large Slime","floor":14,"turns":5},{"damage":32,"enemies":"The Guardian","floor":16,"turns":13},{"damage":18,"enemies":"Chosen","floor":18,"turns":6},{"damage":5,"enemies":"2 Thieves","floor":19,"turns":4},{"damage":12,"enemies":"Shelled Parasite and Fungi","floor":20,"turns":5},{"damage":11,"enemies":"Centurion and Healer","floor":21,"turns":5},{"damage":5,"enemies":"Snecko","floor":24,"turns":4},{"damage":17,"enemies":"Book of Stabbing","floor":25,"turns":5},{"damage":9,"enemies":"Cultist and Chosen","floor":28,"turns":6},{"damage":13,"enemies":"Masked Bandits","floor":30,"turns":4},{"damage":0,"enemies":"Centurion and Healer","floor":31,"turns":6},{"damage":25,"enemies":"Collector","floor":33,"turns":10},{"damage":33,"enemies":"3 Darklings","floor":35,"turns":11},{"damage":0,"enemies":"Orb Walker","floor":39,"turns":4},{"damage":0,"enemies":"Nemesis","floor":40,"turns":12},{"damage":45,"enemies":"Reptomancer","floor":42,"turns":6}],"seed_played":"-6092185631975902245","potions_obtained":[{"floor":1,"key":"Weak Potion"},{"floor":8,"key":"Strength Potion"},{"floor":14,"key":"AttackPotion"},{"floor":16,"key":"Regen Potion"},{"floor":21,"key":"FocusPotion"},{"floor":25,"key":"LiquidBronze"},{"floor":28,"key":"SteroidPotion"},{"floor":30,"key":"Energy Potion"},{"floor":31,"key":"CultistPotion"}],"is_trial":false,"path_per_floor":["M","M","$","M","?","R","M","M","T","?","E","R","$","M","R","B",null,"M","M","M","M","$","R","M","E","T","?","M","R","?","M","R","B",null,"M","?","$","?","M","E","R","E"],"character_chosen":"DEFECT","items_purchased":["Mercury Hourglass","Go for the Eyes+1","Bandage Up","Blind","Membership Card"],"campfire_rested":2,"item_purchase_floors":[3,13,13,22,37],"current_hp_per_floor":[63,63,63,63,63,63,62,57,57,46,40,40,40,44,44,16,52,38,37,29,36,36,64,59,46,46,46,37,37,28,32,64,43,59,30,30,30,30,34,38,38,0],"gold":85,"neow_bonus":"TWO_FIFTY_GOLD","is_prod":false,"is_daily":false,"chose_seed":false,"campfire_upgraded":5,"win_rate":0,"timestamp":1694062682,"path_taken":["M","M","$","M","?","R","?","M","T","?","E","R","?","M","R","BOSS","M","M","?","M","$","R","M","E","T","?","M","R","?","?","R","BOSS","M","?","$","?","M","E","R","E"],"build_version":"2022-12-18","purchased_purges":3,"victory":false,"max_hp_per_floor":[64,64,64,64,64,64,64,64,64,64,64,64,64,64,64,64,64,64,64,64,64,64,64,64,64,64,64,64,64,64,64,64,64,64,64,61,61,61,61,61,61,61],"card_choices":[{"not_picked":["Cold Snap","Conserve Battery"],"picked":"Auto Shields","floor":1},{"not_picked":["Chaos","Scrape"],"picked":"Leap","floor":2},{"not_picked":["Hologram","Double Energy"],"picked":"Conserve Battery","floor":4},{"not_picked":["Redo","Rebound"],"picked":"Fission","floor":7},{"not_picked":["Barrage","Stack"],"picked":"Consume","floor":8},{"not_picked":["Beam Cell+1","Auto Shields"],"picked":"Leap","floor":11},{"not_picked":["Steam Power","Undo"],"picked":"Melter+1","floor":14},{"not_picked":["Buffer","Core Surge+1"],"picked":"Biased Cognition","floor":16},{"not_picked":["Gash+1","Compile Driver+1"],"picked":"Leap+1","floor":18},{"not_picked":["Tempest","Darkness"],"picked":"Ball Lightning+1","floor":19},{"not_picked":["Rebound+1","Stack"],"picked":"Ball Lightning+1","floor":20},{"not_picked":["Redo","Steam","Double Energy"],"picked":"SKIP","floor":21},{"not_picked":["Storm","Turbo","Redo"],"picked":"SKIP","floor":24},{"not_picked":["Echo Form","Coolheaded"],"picked":"Cold Snap+1","floor":25},{"not_picked":["Gash+1","Sweeping Beam+1"],"picked":"Ball Lightning+1","floor":28},{"not_picked":["Conserve Battery","Leap"],"picked":"Coolheaded","floor":30},{"not_picked":["Sweeping Beam+1","Conserve Battery"],"picked":"Go for the Eyes+1","floor":31},{"not_picked":["Hyperbeam+1","All For One+1"],"picked":"Fission","floor":33},{"not_picked":["Rebound+1","Beam Cell+1","Gash+1"],"picked":"SKIP","floor":35},{"not_picked":["Beam Cell+1","Sweeping Beam+1","White Noise"],"picked":"SKIP","floor":39},{"not_picked":["Leap","Beam Cell+1"],"picked":"Biased Cognition","floor":40}],"player_experience":496642,"relics_obtained":[{"floor":9,"key":"Regal Pillow"},{"floor":11,"key":"Molten Egg 2"},{"floor":25,"key":"Omamori"},{"floor":26,"key":"FossilizedHelix"},{"floor":30,"key":"Red Mask"},{"floor":40,"key":"Blue Candle"}],"event_choices":[{"damage_healed":0,"gold_gain":0,"player_choice":"Upgraded","damage_taken":0,"max_hp_gain":0,"max_hp_loss":0,"event_name":"Upgrade Shrine","floor":5,"gold_loss":0,"cards_upgraded":["Zap"]},{"damage_healed":0,"gold_gain":75,"player_choice":"Gather Gold","damage_taken":11,"max_hp_gain":0,"max_hp_loss":0,"event_name":"World of Goop","floor":10,"gold_loss":0},{"damage_healed":0,"gold_gain":50,"player_choice":"Stole From Cult","damage_taken":0,"max_hp_gain":0,"max_hp_loss":0,"event_name":"Nest","floor":27,"gold_loss":0},{"damage_healed":0,"gold_gain":0,"player_choice":"Fought Bandits","damage_taken":0,"max_hp_gain":0,"max_hp_loss":0,"event_name":"Masked Bandits","floor":30,"gold_loss":0},{"damage_healed":0,"gold_gain":0,"player_choice":"Max HP","damage_taken":0,"max_hp_gain":0,"max_hp_loss":3,"event_name":"Winding Halls","floor":36,"gold_loss":0},{"cards_removed":["Strike_B"],"damage_healed":0,"gold_gain":0,"player_choice":"Card Removal","damage_taken":0,"max_hp_gain":0,"max_hp_loss":0,"event_name":"Wheel of Change","floor":38,"gold_loss":0}],"is_beta":false,"boss_relics":[{"not_picked":["FrozenCore","SacredBark"],"picked":"Cursed Key"},{"not_picked":["Fusion Hammer","Snecko Eye"],"picked":"Sozu"}],"items_purged_floors":[3,22,37],"is_endless":false,"potions_floor_spawned":[1,8,14,16,18,21,25,28,30,31,35,40],"killed_by":"Reptomancer","ascension_level":16}