{"gold_per_floor":[111,111,36,36,55,55,96,121,146,46,59,80,80,100,100,100],"floor_reached":16,"playtime":522,"items_purged":["Strike_B","Strike_B"],"score":184,"play_id":"d22334a0-0514-4d82-98d2-4f5b8de2bf6b","local_time":"20230906205121","is_ascension_mode":true,"campfire_choices":[{"data":"Leap","floor":6,"key":"SMITH"},{"data":"Coolheaded","floor":13,"key":"SMITH"},{"data":"Auto Shields","floor":15,"key":"SMITH"}],"neow_cost":"NONE","seed_source_timestamp":2489470315592300,"circlet_count":0,"master_deck":["AscendersBane","Defend_B","Defend_B","Defend_B","Defend_B","Zap","Dualcast","Gash","Leap+1","Auto Shields+1","Coolheaded+1","Rebound"],"relics":["Cracked Core","Golden Idol","MealTicket","Ancient Tea Set"],"potions_floor_usage":[7],"damage_taken":[{"damage":0,"enemies":"Small Slimes","floor":1,"turns":3},{"damage":0,"enemies":"2 Louse","floor":5,"turns":3},{"damage":13,"enemies":"Lagavulin","floor":7,"turns":6},{"damage":0,"enemies":"Jaw Worm","floor":8,"turns":4},{"damage":5,"enemies":"3 Louse","floor":11,"turns":5},{"damage":4,"enemies":"2 Fungi Beasts","floor":12,"turns":5},{"damage":0,"enemies":"Looter","floor":14,"turns":4},{"damage":42,"enemies":"Slime Boss","floor":16,"turns":12}],"seed_played":"8448865288617133573","potions_obtained":[{"floor":5,"key":"FocusPotion"},{"floor":11,"key":"CultistPotion"},{"floor":12,"key":"Swift Potion"},{"floor":14,"key":"FairyPotion"}],"is_trial":false,"path_per_floor":["M","?","$","?","M","R","E","M","T","$","M","M","R","M","R","B"],"character_chosen":"DEFECT","items_purchased":[],"campfire_rested":0,"item_purchase_floors":[],"current_hp_per_floor":[64,57,57,57,57,57,44,44,44,59,54,50,50,50,50,8],"gold":100,"neow_bonus":"REMOVE_CARD","is_prod":false,"is_daily":false,"chose_seed":false,"campfire_upgraded":3,"win_rate":0,"timestamp":1694058681,"path_taken":["M","?","$","?","M","R","E","M","T","$","M","M","R","M","R","BOSS"],"build_version":"2022-12-18","purchased_purges":2,"victory":false,"max_hp_per_floor":[71,71,71,64,64,64,64,64,64,64,64,64,64,64,64,64],"card_choices":[{"not_picked":["Streamline","Melter"],"picked":"Gash","floor":1},{"not_picked":["Hologram","Hello World"],"picked":"Leap","floor":5},{"not_picked":["Stack","Amplify"],"picked":"Auto Shields","floor":7},{"not_picked":["Fusion","Leap"],"picked":"Coolheaded","floor":8},{"not_picked":["Steam","Tempest","Stack"],"picked":"SKIP","floor":11},{"not_picked":["Go for the Eyes","Sweeping Beam"],"picked":"Rebound","floor":12},{"not_picked":["Stack","Beam Cell","Hologram"],"picked":"SKIP","floor":14}],"player_experience":493943,"relics_obtained":[{"floor":7,"key":"MealTicket"},{"floor":9,"key":"Ancient Tea Set"}],"event_choices":[{"cards_removed":["Strike_B"],"damage_healed":0,"gold_gain":0,"player_choice":"Card Removal","damage_taken":7,"max_hp_gain":0,"max_hp_loss":0,"event_name":"Golden Wing","floor":2,"gold_loss":0},{"damage_healed":0,"gold_gain":0,"player_choice":"Lose Max HP","damage_taken":0,"relics_obtained":["Golden Idol"],"max_hp_gain":0,"max_hp_loss":7,"event_name":"Golden Idol","floor":4,"gold_loss":0}],"is_beta":false,"boss_relics":[],"items_purged_floors":[3,10],"is_endless":false,"potions_floor_spawned":[5,11,12,14],"killed_by":"Slime Boss","ascension_level":16}