{"gold_per_floor":[115,131,131,131,131,131,156,156,156,186,186,206,206,186,186,257,257,271,281,293,20,30,30,64,64,64,76,94,94],"floor_reached":29,"playtime":1200,"items_purged":[],"score":455,"play_id":"e8e416ba-2c72-43ea-9650-4b14e6a98b9d","local_time":"20230906184539","is_ascension_mode":true,"campfire_choices":[{"data":"Zap","floor":6,"key":"SMITH"},{"floor":8,"key":"REST"},{"data":"Capacitor","floor":11,"key":"SMITH"},{"data":"Finesse","floor":13,"key":"SMITH"},{"floor":15,"key":"REST"},{"floor":23,"key":"REST"},{"floor":25,"key":"REST"}],"neow_cost":"NONE","seed_source_timestamp":2481250173164400,"circlet_count":0,"master_deck":["AscendersBane","Strike_B","Strike_B","Strike_B","Defend_B","Defend_B","Defend_B","Defend_B","Zap+1","Dualcast","Finesse+1","Conserve Battery","Zap+1","Capacitor+1","Glacier","Machine Learning","Ball Lightning","Coolheaded","Core Surge","Bandage Up","FTL+1","Capacitor","Undo"],"relics":["Cracked Core","Lantern","The Courier","Letter Opener","Sozu","Runic Capacitor","Toy Ornithopter","Shuriken"],"potions_floor_usage":[7],"damage_taken":[{"damage":2,"enemies":"2 Louse","floor":1,"turns":2},{"damage":4,"enemies":"Jaw Worm","floor":2,"turns":4},{"damage":27,"enemies":"Gremlin Nob","floor":7,"turns":4},{"damage":23,"enemies":"3 Sentries","floor":10,"turns":8},{"damage":0,"enemies":"Cultist","floor":12,"turns":3},{"damage":14,"enemies":"The Guardian","floor":16,"turns":12},{"damage":2,"enemies":"Chosen","floor":18,"turns":6},{"damage":7,"enemies":"Shell Parasite","floor":19,"turns":5},{"damage":11,"enemies":"Chosen and Byrds","floor":20,"turns":7},{"damage":11,"enemies":"Centurion and Healer","floor":22,"turns":8},{"damage":50,"enemies":"Book of Stabbing","floor":24,"turns":7},{"damage":16,"enemies":"Snecko","floor":27,"turns":6},{"damage":16,"enemies":"3 Cultists","floor":28,"turns":5},{"damage":20,"enemies":"Cultist and Chosen","floor":29,"turns":4}],"seed_played":"-3114204720518256439","potions_obtained":[{"floor":2,"key":"Block Potion"},{"floor":7,"key":"Dexterity Potion"},{"floor":14,"key":"FocusPotion"}],"is_trial":false,"path_per_floor":["M","M","?","?","?","R","E","R","T","E","R","M","R","?","R","B",null,"M","M","M","$","M","R","E","R","T","M","M","M"],"character_chosen":"DEFECT","items_purchased":["Core Surge","Runic Capacitor","Bandage Up"],"campfire_rested":4,"item_purchase_floors":[21,21,21],"current_hp_per_floor":[62,58,58,51,51,51,24,45,45,22,22,22,22,22,43,29,61,59,52,41,41,34,55,9,30,30,18,6,0],"gold":94,"neow_bonus":"RANDOM_COLORLESS","is_prod":false,"is_daily":false,"chose_seed":false,"campfire_upgraded":3,"win_rate":0,"timestamp":1694051139,"path_taken":["M","M","?","?","?","R","E","R","T","E","R","?","R","?","R","BOSS","M","M","M","$","?","R","E","R","T","M","M","M"],"build_version":"2022-12-18","purchased_purges":0,"victory":false,"max_hp_per_floor":[71,71,71,71,71,71,71,71,71,71,71,71,71,71,71,71,71,71,71,71,71,71,71,71,71,71,71,71,71],"card_choices":[{"not_picked":["Flash of Steel","Enlightenment"],"picked":"Finesse","floor":0},{"not_picked":["Fusion","Beam Cell"],"picked":"Conserve Battery","floor":1},{"not_picked":["Stack","Compile Driver","Reprogram"],"picked":"SKIP","floor":2},{"not_picked":["Static Discharge","Barrage","Blizzard"],"picked":"SKIP","floor":7},{"not_picked":["Steam","Hologram"],"picked":"Capacitor","floor":10},{"not_picked":["Rebound","Skim"],"picked":"Glacier","floor":12},{"not_picked":["Rainbow","Reboot"],"picked":"Machine Learning","floor":16},{"not_picked":["Beam Cell","Conserve Battery"],"picked":"Ball Lightning","floor":18},{"not_picked":["BootSequence","Go for the Eyes"],"picked":"Coolheaded","floor":19},{"not_picked":["Ball Lightning","Steam","Go for the Eyes"],"picked":"SKIP","floor":20},{"not_picked":["Turbo","Rip and Tear"],"picked":"FTL+1","floor":22},{"not_picked":["Melter","Echo Form"],"picked":"Capacitor","floor":24},{"not_picked":["Beam Cell","Rebound","Cold Snap"],"picked":"SKIP","floor":27},{"not_picked":["Steam Power+1","Tempest"],"picked":"Undo","floor":28}],"player_experience":487163,"relics_obtained":[{"floor":7,"key":"Lantern"},{"floor":9,"key":"The Courier"},{"floor":10,"key":"Letter Opener"},{"floor":24,"key":"Toy Ornithopter"},{"floor":26,"key":"Shuriken"}],"event_choices":[{"damage_healed":0,"gold_gain":0,"player_choice":"Grow","damage_taken":0,"max_hp_gain":0,"max_hp_loss":0,"event_name":"Living Wall","floor":3,"gold_loss":0,"cards_upgraded":["Zap"]},{"cards_removed":["Strike_B"],"damage_healed":0,"gold_gain":0,"player_choice":"Card Removal","damage_taken":7,"max_hp_gain":0,"max_hp_loss":0,"event_name":"Golden Wing","floor":4,"gold_loss":0},{"damage_healed":0,"gold_gain":0,"player_choice":"1 cards matched","damage_taken":0,"max_hp_gain":0,"max_hp_loss":0,"event_name":"Match and Keep!","floor":5,"gold_loss":0,"cards_obtained":["Zap"]},{"damage_healed":0,"gold_gain":0,"player_choice":"Bought 1 Potion","damage_taken":0,"max_hp_gain":0,"max_hp_loss":0,"event_name":"The Woman in Blue","floor":14,"gold_loss":0}],"is_beta":false,"boss_relics":[{"not_picked":["FrozenCore","Empty Cage"],"picked":"Sozu"}],"items_purged_floors":[],"is_endless":false,"potions_floor_spawned":[2,7,24,28],"killed_by":"Cultist and Chosen","ascension_level":16}