{"gold_per_floor":[359,127,145,66,66,66,91,91,91,126,145,164,196,212,212,287,287,301,301,311,62,73,73,86,86,131,131,31,55,55,55,55,55],"floor_reached":33,"playtime":1135,"items_purged":["Decay","Strike_B"],"score":513,"play_id":"e5a968fb-1948-4700-b68f-2507fac01240","local_time":"20230913191402","is_ascension_mode":true,"campfire_choices":[{"data":"Beam Cell","floor":6,"key":"SMITH"},{"floor":8,"key":"REST"},{"floor":15,"key":"REST"},{"data":"Fission","floor":23,"key":"SMITH"},{"data":"Biased Cognition","floor":25,"key":"SMITH"},{"data":"Doom and Gloom","floor":27,"key":"SMITH"},{"data":"Zap","floor":30,"key":"SMITH"},{"data":"Coolheaded","floor":32,"key":"SMITH"}],"neow_cost":"CURSE","seed_source_timestamp":1506064830700,"circlet_count":0,"master_deck":["AscendersBane","Strike_B+1","Strike_B+1","Defend_B+1","Defend_B+1","Defend_B+1","Defend_B+1","Zap+1","Dualcast+1","Capacitor","Doom and Gloom+1","Rip and Tear+1","Beam Cell+1","Skim","Coolheaded+1","Chill","Glacier","Reboot","BootSequence","Fission+1","Biased Cognition+1","Reinforced Body"],"relics":["Cracked Core","Bottled Flame","Boot","Du-Vu Doll","Meat on the Bone","Philosopher\u0027s Stone","Anchor","Happy Flower","Art of War"],"potions_floor_usage":[13,16,22,22],"damage_taken":[{"damage":0,"enemies":"Cultist","floor":1,"turns":4},{"damage":7,"enemies":"Jaw Worm","floor":3,"turns":2},{"damage":20,"enemies":"Lagavulin","floor":7,"turns":5},{"damage":21,"enemies":"3 Sentries","floor":10,"turns":5},{"damage":3,"enemies":"2 Louse","floor":11,"turns":2},{"damage":0,"enemies":"2 Fungi Beasts","floor":12,"turns":2},{"damage":11,"enemies":"Lagavulin","floor":13,"turns":4},{"damage":0,"enemies":"Lots of Slimes","floor":14,"turns":1},{"damage":33,"enemies":"Slime Boss","floor":16,"turns":12},{"damage":0,"enemies":"Chosen","floor":18,"turns":3},{"damage":3,"enemies":"2 Thieves","floor":20,"turns":4},{"damage":19,"enemies":"Cultist and Chosen","floor":22,"turns":6},{"damage":14,"enemies":"Snecko","floor":24,"turns":5},{"damage":47,"enemies":"Collector","floor":33,"turns":7}],"seed_played":"-1423747357647003396","potions_obtained":[{"floor":7,"key":"LiquidBronze"},{"floor":10,"key":"FocusPotion"},{"floor":11,"key":"Block Potion"},{"floor":16,"key":"AttackPotion"},{"floor":18,"key":"Explosive Potion"},{"floor":22,"key":"Energy Potion"}],"is_trial":false,"path_per_floor":["M","$","M","$","?","R","E","R","T","E","M","M","E","M","R","B",null,"M","?","M","$","M","R","M","R","T","R","$","T","R","?","R","B"],"character_chosen":"DEFECT","items_purchased":["Doom and Gloom","Rip and Tear","Skim","Biased Cognition","Anchor"],"campfire_rested":2,"item_purchase_floors":[2,2,4,21,21],"current_hp_per_floor":[64,64,57,57,36,36,16,37,37,16,13,13,2,14,35,14,57,57,57,54,54,47,47,45,45,45,45,45,45,45,45,45,0],"gold":55,"neow_bonus":"TWO_FIFTY_GOLD","is_prod":false,"is_daily":false,"chose_seed":false,"campfire_upgraded":6,"win_rate":0,"timestamp":1694657642,"path_taken":["M","$","M","$","?","R","E","R","T","E","M","M","E","M","R","BOSS","M","?","M","$","?","R","M","R","T","R","$","?","R","?","R","BOSS"],"build_version":"2022-12-18","purchased_purges":2,"victory":false,"max_hp_per_floor":[71,71,71,71,71,71,71,71,71,71,71,71,71,71,71,71,71,71,71,71,71,71,71,71,71,71,71,71,71,71,71,71,71],"card_choices":[{"not_picked":["Gash","Hologram"],"picked":"Capacitor","floor":1},{"not_picked":["Fusion","Steam"],"picked":"Beam Cell","floor":3},{"not_picked":["Rainbow","Hologram"],"picked":"Coolheaded","floor":7},{"not_picked":["Gash","Darkness"],"picked":"Chill","floor":10},{"not_picked":["Reprogram","Beam Cell","Steam"],"picked":"SKIP","floor":11},{"not_picked":["Genetic Algorithm","Barrage","Storm"],"picked":"SKIP","floor":12},{"not_picked":["Cold Snap","Doom and Gloom","Sweeping Beam"],"picked":"SKIP","floor":13},{"not_picked":["Heatsinks","Streamline"],"picked":"Glacier","floor":14},{"not_picked":["Multi-Cast","Thunder Strike"],"picked":"Reboot","floor":16},{"not_picked":["Go for the Eyes","Sweeping Beam"],"picked":"BootSequence","floor":18},{"not_picked":["Undo","Go for the Eyes","Barrage"],"picked":"SKIP","floor":20},{"not_picked":["Reprogram","Sweeping Beam","Turbo"],"picked":"SKIP","floor":22},{"not_picked":["Redo","Streamline"],"picked":"Reinforced Body","floor":24}],"player_experience":586755,"relics_obtained":[{"floor":7,"key":"Bottled Flame"},{"floor":9,"key":"Boot"},{"floor":10,"key":"Du-Vu Doll"},{"floor":13,"key":"Meat on the Bone"},{"floor":26,"key":"Happy Flower"},{"floor":29,"key":"Art of War"}],"event_choices":[{"damage_healed":0,"gold_gain":0,"player_choice":"Entered Light","damage_taken":21,"max_hp_gain":0,"max_hp_loss":0,"event_name":"Shining Light","floor":5,"gold_loss":0,"cards_upgraded":["Rip and Tear","Dualcast"]},{"damage_healed":0,"gold_gain":0,"cards_transformed":["Strike_B"],"player_choice":"Transformed","damage_taken":0,"max_hp_gain":0,"max_hp_loss":0,"event_name":"Transmorgrifier","floor":19,"gold_loss":0,"cards_obtained":["Fission"]},{"damage_healed":0,"gold_gain":0,"player_choice":"Simplicity","damage_taken":0,"max_hp_gain":0,"max_hp_loss":0,"event_name":"Back to Basics","floor":31,"gold_loss":0,"cards_upgraded":["Strike_B","Strike_B","Defend_B","Defend_B","Defend_B","Defend_B"]}],"is_beta":false,"boss_relics":[{"not_picked":["Astrolabe","Black Star"],"picked":"Philosopher\u0027s Stone"}],"items_purged_floors":[2,28],"is_endless":false,"potions_floor_spawned":[7,10,11,16,18,22],"killed_by":"Collector","ascension_level":19}