{"gold_per_floor":[119,13,13,13,28,61,74,74,74,74,86,116,116,136,136,210,210,222,8,8,8,43,43,56,56,103,117,117,133,166,179,179,179],"floor_reached":33,"playtime":1465,"items_purged":["Strike_B"],"score":551,"play_id":"ab89df18-2e27-4706-9ee0-42ea79275d6b","local_time":"20230910204044","is_ascension_mode":true,"campfire_choices":[{"data":"Zap","floor":8,"key":"SMITH"},{"data":"Dualcast","floor":10,"key":"SMITH"},{"data":"Chaos","floor":15,"key":"SMITH"},{"data":"Defragment","floor":23,"key":"SMITH"},{"data":"Self Repair","floor":25,"key":"SMITH"},{"data":"Panacea","floor":28,"key":"SMITH"},{"data":"Seek","floor":32,"key":"SMITH"}],"neow_cost":"NONE","seed_source_timestamp":71197967688700,"circlet_count":0,"master_deck":["AscendersBane","Strike_B","Strike_B","Defend_B+1","Defend_B","Defend_B","Defend_B+1","Zap+1","Dualcast+1","Go for the Eyes+1","Panacea+1","Ball Lightning","Self Repair+1","Cold Snap","Chill","Chaos+1","Seek+1","Glacier","Defragment+1","Coolheaded","Hologram+1"],"relics":["Cracked Core","NeowsBlessing","Shovel","Emotion Chip","Odd Mushroom","Coffee Dripper","Toxic Egg 2","Red Mask","Bag of Marbles","Frozen Egg 2"],"potions_floor_usage":[12,16,24,30,30],"damage_taken":[{"damage":0,"enemies":"Jaw Worm","floor":1,"turns":1},{"damage":0,"enemies":"Cultist","floor":5,"turns":1},{"damage":0,"enemies":"Lagavulin","floor":6,"turns":1},{"damage":0,"enemies":"2 Louse","floor":7,"turns":2},{"damage":7,"enemies":"Large Slime","floor":11,"turns":4},{"damage":10,"enemies":"The Mushroom Lair","floor":12,"turns":4},{"damage":6,"enemies":"3 Louse","floor":14,"turns":3},{"damage":8,"enemies":"The Guardian","floor":16,"turns":10},{"damage":5,"enemies":"Chosen","floor":18,"turns":5},{"damage":39,"enemies":"Masked Bandits","floor":22,"turns":5},{"damage":0,"enemies":"3 Byrds","floor":24,"turns":6},{"damage":4,"enemies":"Snake Plant","floor":27,"turns":5},{"damage":0,"enemies":"Chosen and Byrds","floor":29,"turns":7},{"damage":28,"enemies":"Slavers","floor":30,"turns":7},{"damage":5,"enemies":"Centurion and Healer","floor":31,"turns":6},{"damage":70,"enemies":"Automaton","floor":33,"turns":12}],"seed_played":"-5612439496822517964","potions_obtained":[{"floor":1,"key":"Strength Potion"},{"floor":5,"key":"ColorlessPotion"},{"floor":16,"key":"Fruit Juice"},{"floor":22,"key":"AttackPotion"},{"floor":27,"key":"PowerPotion"}],"is_trial":false,"path_per_floor":["M","$","?","?","M","E","M","R","T","R","M","?","?","M","R","B",null,"M","$","?","T","?","R","M","R","T","M","R","M","E","M","R","B"],"character_chosen":"DEFECT","items_purchased":["Panacea","Defragment","Coolheaded"],"campfire_rested":0,"item_purchase_floors":[2,19,19],"current_hp_per_floor":[64,64,43,43,43,43,43,43,43,43,43,40,40,41,41,45,68,70,70,70,70,38,38,45,45,45,51,51,61,53,58,58,0],"gold":179,"neow_bonus":"THREE_ENEMY_KILL","is_prod":false,"is_daily":false,"chose_seed":false,"campfire_upgraded":7,"win_rate":0,"timestamp":1694403644,"path_taken":["M","$","?","?","M","E","M","R","T","R","?","?","?","M","R","BOSS","M","$","?","?","?","R","M","R","T","M","R","?","E","M","R","BOSS"],"build_version":"2022-12-18","purchased_purges":1,"victory":false,"max_hp_per_floor":[71,71,71,71,71,71,71,71,71,71,71,71,71,71,71,76,76,76,76,76,76,76,76,76,76,76,76,76,76,76,76,76,76],"card_choices":[{"not_picked":["Force Field","Heatsinks"],"picked":"Go for the Eyes","floor":1},{"not_picked":["Loop","Gash"],"picked":"Ball Lightning","floor":5},{"not_picked":["Redo","Beam Cell","Recycle"],"picked":"SKIP","floor":6},{"not_picked":["Coolheaded","Sweeping Beam"],"picked":"Self Repair","floor":7},{"not_picked":["Beam Cell","Genetic Algorithm"],"picked":"Cold Snap","floor":11},{"not_picked":["Steam","Conserve Battery"],"picked":"Chill","floor":12},{"not_picked":["Force Field","Leap"],"picked":"Chaos","floor":14},{"not_picked":["Buffer","Echo Form"],"picked":"Seek","floor":16},{"not_picked":["Storm","Chill"],"picked":"Glacier","floor":18},{"not_picked":["Reprogram+1","Blizzard","Beam Cell+1"],"picked":"SKIP","floor":24},{"not_picked":["Compile Driver","Force Field+1","Sweeping Beam"],"picked":"SKIP","floor":27},{"not_picked":["Sweeping Beam","Streamline","Turbo+1"],"picked":"SKIP","floor":29},{"not_picked":["Cold Snap","Turbo+1","Barrage"],"picked":"SKIP","floor":30},{"not_picked":["Leap+1","Go for the Eyes"],"picked":"Hologram+1","floor":31}],"player_experience":543848,"relics_obtained":[{"floor":6,"key":"Shovel"},{"floor":9,"key":"Emotion Chip"},{"floor":12,"key":"Odd Mushroom"},{"floor":21,"key":"Toxic Egg 2"},{"floor":22,"key":"Red Mask"},{"floor":26,"key":"Bag of Marbles"},{"floor":30,"key":"Frozen Egg 2"}],"event_choices":[{"damage_healed":0,"gold_gain":0,"player_choice":"Entered Light","damage_taken":21,"max_hp_gain":0,"max_hp_loss":0,"event_name":"Shining Light","floor":3,"gold_loss":0,"cards_upgraded":["Defend_B","Defend_B"]},{"cards_removed":["Strike_B"],"damage_healed":0,"gold_gain":0,"player_choice":"Purged","damage_taken":0,"max_hp_gain":0,"max_hp_loss":0,"event_name":"Purifier","floor":4,"gold_loss":0},{"damage_healed":0,"gold_gain":0,"player_choice":"Fought Mushrooms","damage_taken":0,"max_hp_gain":0,"max_hp_loss":0,"event_name":"Mushrooms","floor":12,"gold_loss":0},{"damage_healed":0,"gold_gain":0,"player_choice":"Grow","damage_taken":0,"max_hp_gain":0,"max_hp_loss":0,"event_name":"Living Wall","floor":13,"gold_loss":0,"cards_upgraded":["Go for the Eyes"]},{"damage_healed":0,"gold_gain":0,"player_choice":"Ignored","damage_taken":0,"max_hp_gain":0,"max_hp_loss":0,"event_name":"Vampires","floor":20,"gold_loss":0},{"damage_healed":0,"gold_gain":0,"player_choice":"Fought Bandits","damage_taken":0,"max_hp_gain":0,"max_hp_loss":0,"event_name":"Masked Bandits","floor":22,"gold_loss":0}],"is_beta":false,"boss_relics":[{"not_picked":["Calling Bell","Snecko Eye"],"picked":"Coffee Dripper"}],"items_purged_floors":[19],"is_endless":false,"potions_floor_spawned":[1,5,16,22,27],"killed_by":"Automaton","ascension_level":18}