{"gold_per_floor":[109,128,146,166,145,145,145,177,201,201,214,234,234,80,80,155,155,170,170,220,59,73,73,73,106,106,126,126,46,46,56,56,131,131,141,141,164,189,59,59,75,75,98,117,117,117,129,145,145,145],"floor_reached":51,"playtime":1837,"items_purged":["Strike_B","Strike_B"],"score":1330,"play_id":"99a92005-8791-4a3c-91aa-113717759149","local_time":"20230909014855","is_ascension_mode":true,"campfire_choices":[{"data":"Dualcast","floor":6.0,"key":"SMITH"},{"floor":10.0,"key":"REST"},{"data":"Machine Learning","floor":13,"key":"SMITH"},{"data":"Zap","floor":15,"key":"SMITH"},{"data":"Biased Cognition","floor":23,"key":"SMITH"},{"data":"Ghostly","floor":28,"key":"SMITH"},{"data":"Ghostly","floor":30,"key":"SMITH"},{"data":"Loop","floor":32,"key":"SMITH"},{"data":"Ghostly","floor":40,"key":"SMITH"},{"data":"Biased Cognition","floor":42,"key":"SMITH"},{"data":"Lockon","floor":46,"key":"SMITH"},{"data":"BootSequence","floor":49,"key":"SMITH"}],"neow_cost":"NONE","seed_source_timestamp":2678770172937600,"circlet_count":0,"master_deck":["AscendersBane","Strike_B","Defend_B","Defend_B","Defend_B","Defend_B","Zap+1","Dualcast+1","Cold Snap","Conserve Battery","Ball Lightning","Machine Learning+1","Ball Lightning","Self Repair","Biased Cognition+1","Ghostly+1","Ghostly+1","Ghostly+1","Electrodynamics","Reboot","Cold Snap","BootSequence+1","Glacier","Loop+1","Biased Cognition+1","Lockon+1"],"special_seed":0,"relics":["Cracked Core","Bag of Preparation","Bag of Marbles","Oddly Smooth Stone","Coffee Dripper","Orrery","Potion Belt","The Courier","Runic Pyramid","Nunchaku","Thread and Needle","ClockworkSouvenir","Centennial Puzzle"],"potions_floor_usage":[33,50,50,50],"damage_taken":[{"damage":0.0,"enemies":"Cultist","floor":1.0,"turns":3.0},{"damage":2.0,"enemies":"Jaw Worm","floor":2.0,"turns":3.0},{"damage":0.0,"enemies":"2 Louse","floor":3.0,"turns":2.0},{"damage":0.0,"enemies":"Exordium Wildlife","floor":4.0,"turns":4.0},{"damage":11.0,"enemies":"Exordium Thugs","floor":5.0,"turns":5.0},{"damage":15.0,"enemies":"Gremlin Nob","floor":8.0,"turns":4.0},{"damage":0,"enemies":"Looter","floor":11,"turns":3},{"damage":0,"enemies":"Exordium Wildlife","floor":12,"turns":2},{"damage":30,"enemies":"Slime Boss","floor":16,"turns":8},{"damage":15,"enemies":"Shell Parasite","floor":18,"turns":2},{"damage":0,"enemies":"Chosen","floor":22,"turns":3},{"damage":0,"enemies":"Book of Stabbing","floor":25,"turns":5},{"damage":13,"enemies":"Shelled Parasite and Fungi","floor":27,"turns":3},{"damage":7,"enemies":"Snake Plant","floor":31,"turns":3},{"damage":3,"enemies":"Automaton","floor":33,"turns":7},{"damage":1,"enemies":"3 Shapes","floor":35,"turns":4},{"damage":0,"enemies":"Mind Bloom Boss Battle","floor":38,"turns":4},{"damage":18,"enemies":"3 Darklings","floor":41,"turns":2},{"damage":0,"enemies":"Transient","floor":44,"turns":6},{"damage":0,"enemies":"Maw","floor":47,"turns":6},{"damage":0,"enemies":"3 Darklings","floor":48,"turns":4},{"damage":0,"enemies":"Time Eater","floor":50,"turns":9}],"seed_played":"-8950064442884587591","potions_obtained":[{"floor":3.0,"key":"PotionOfCapacity"},{"floor":4.0,"key":"Fruit Juice"},{"floor":11,"key":"Ancient Potion"},{"floor":25,"key":"Dexterity Potion"},{"floor":41,"key":"Weak Potion"},{"floor":44,"key":"Dexterity Potion"}],"is_trial":false,"path_per_floor":["M","M","M","M","M","R","?","E","T","R","M","M","R","$","R","B",null,"M","?","?","$","M","R","$","E","T","M","R","$","R","M","R","B",null,"M","?","T","?","$","R","M","R","T","M","?","R","M","M","R","B",null],"character_chosen":"DEFECT","items_purchased":["Self Repair","Orrery","ClockworkSouvenir"],"campfire_rested":1,"item_purchase_floors":[14,21,39],"current_hp_per_floor":[64,62,62,67,56,56,56,41,41,63,63,63,63,63,63,40,67,52,38,38,38,38,38,38,38,38,32,32,32,32,32,32,36,38,37,37,37,38,38,38,27,27,27,27,27,27,34,36,36,36],"gold":145,"neow_bonus":"RANDOM_COMMON_RELIC","is_prod":false,"is_daily":false,"chose_seed":false,"campfire_upgraded":11,"win_rate":0,"timestamp":1694249335,"path_taken":["M","M","M","?","M","R","?","E","T","R","M","M","R","$","R","BOSS","M","?","?","$","M","R","$","E","T","M","R","?","R","M","R","BOSS","M","?","?","?","$","R","M","R","T","?","?","R","M","M","R","BOSS"],"build_version":"2022-12-18","purchased_purges":2,"victory":true,"max_hp_per_floor":[71,71,71,76,76,76,76,76,76,76,76,76,76,76,76,76,76,76,38,38,38,38,38,38,38,38,38,38,38,38,38,38,38,38,38,38,38,38,38,38,38,38,38,38,36,36,36,36,36,36],"card_choices":[{"not_picked":["Streamline","Reprogram"],"picked":"Cold Snap","floor":1.0},{"not_picked":["Doom and Gloom","Turbo","Gash"],"picked":"SKIP","floor":2.0},{"not_picked":["All For One","Streamline","Redo"],"picked":"SKIP","floor":3.0},{"not_picked":["Hologram","Fusion"],"picked":"Conserve Battery","floor":4.0},{"not_picked":["Reprogram","Steam"],"picked":"Ball Lightning","floor":5.0},{"not_picked":["Stack","Rebound"],"picked":"Machine Learning","floor":8.0},{"not_picked":["Go for the Eyes","Redo"],"picked":"Ball Lightning","floor":11},{"not_picked":["Streamline","Redo"],"picked":"Ball Lightning","floor":12},{"not_picked":["All For One","Machine Learning"],"picked":"Biased Cognition","floor":16},{"not_picked":["Rip and Tear","Barrage","Redo"],"picked":"SKIP","floor":18},{"not_picked":["Redo","Steam"],"picked":"Electrodynamics","floor":21},{"not_picked":["Sunder","Auto Shields"],"picked":"Reboot","floor":21},{"not_picked":["Compile Driver","Rebound"],"picked":"Cold Snap","floor":21},{"not_picked":["Turbo","Ball Lightning"],"picked":"BootSequence","floor":21},{"not_picked":["Hologram+1","Hello World"],"picked":"Glacier","floor":22},{"not_picked":["Melter","Sunder","Steam+1"],"picked":"SKIP","floor":25},{"not_picked":["Sunder","Stack","Streamline"],"picked":"SKIP","floor":27},{"not_picked":["Barrage","Self Repair"],"picked":"Loop","floor":31},{"not_picked":["Meteor Strike","Machine Learning"],"picked":"Biased Cognition","floor":33},{"not_picked":["Streamline","Skim+1","Chaos+1"],"picked":"SKIP","floor":35},{"not_picked":["Melter","Coolheaded"],"picked":"Lockon","floor":38},{"not_picked":["Turbo","Cold Snap","Sweeping Beam"],"picked":"SKIP","floor":41},{"not_picked":["Cold Snap","Sweeping Beam","Gash"],"picked":"SKIP","floor":44},{"not_picked":["Undo","Leap","Sunder+1"],"picked":"SKIP","floor":47},{"not_picked":["Gash","Streamline+1","Electrodynamics"],"picked":"SKIP","floor":48}],"player_experience":523345,"relics_obtained":[{"floor":8.0,"key":"Bag of Marbles"},{"floor":9.0,"key":"Oddly Smooth Stone"},{"floor":25,"key":"Potion Belt"},{"floor":26,"key":"The Courier"},{"floor":37,"key":"Nunchaku"},{"floor":38,"key":"Thread and Needle"},{"floor":43,"key":"Centennial Puzzle"}],"event_choices":[{"cards_removed":["Strike_B"],"damage_healed":0.0,"max_hp_gain":0.0,"max_hp_loss":0.0,"gold_gain":0.0,"event_name":"Purifier","player_choice":"Purged","floor":7.0,"gold_loss":0.0,"damage_taken":0.0},{"damage_healed":0,"gold_gain":0,"player_choice":"Became a Ghost","damage_taken":0,"max_hp_gain":0,"max_hp_loss":38,"event_name":"Ghosts","floor":19,"gold_loss":0,"cards_obtained":["Ghostly","Ghostly","Ghostly"]},{"damage_healed":0,"gold_gain":50,"player_choice":"Stole From Cult","damage_taken":0,"max_hp_gain":0,"max_hp_loss":0,"event_name":"Nest","floor":20,"gold_loss":0},{"cards_removed":["Ball Lightning"],"damage_healed":0,"gold_gain":0,"player_choice":"Removed Attack","damage_taken":0,"max_hp_gain":0,"max_hp_loss":0,"event_name":"Falling","floor":36,"gold_loss":0},{"damage_healed":0,"gold_gain":0,"player_choice":"Fight","damage_taken":0,"max_hp_gain":0,"max_hp_loss":0,"event_name":"MindBloom","floor":38,"gold_loss":0},{"damage_healed":0,"gold_gain":0,"player_choice":"Max HP","damage_taken":0,"max_hp_gain":0,"max_hp_loss":2,"event_name":"Winding Halls","floor":45,"gold_loss":0}],"is_beta":false,"boss_relics":[{"not_picked":["Tiny House","SlaversCollar"],"picked":"Coffee Dripper"},{"not_picked":["Calling Bell","Snecko Eye"],"picked":"Runic Pyramid"}],"items_purged_floors":[14,29],"is_endless":false,"potions_floor_spawned":[3,4,11,16,18,25,41,44,47],"ascension_level":17}