{"gold_per_floor":[118,128,142,67,67,92,92,125,125,125,143,143,143,174,174,248,248,262,4,4,4,22,22,42,42,42,68,83,183,233,252,252,325,325,344,234,250,260,278,278,278,303,303,318,332,332,332,73,73,73],"floor_reached":51,"playtime":3605,"items_purged":["Doubt","Strike_B","Defend_B"],"score":1394,"play_id":"8b6d42ef-c304-4c76-87a9-71d03a2d86be","local_time":"20230913202909","is_ascension_mode":true,"campfire_choices":[{"floor":7.0,"key":"REST"},{"data":"Sunder","floor":10.0,"key":"SMITH"},{"floor":12.0,"key":"REST"},{"data":"Conserve Battery","floor":15.0,"key":"SMITH"},{"data":"Fission","floor":23.0,"key":"SMITH"},{"data":"Coolheaded","floor":25.0,"key":"SMITH"},{"data":"Storm","floor":32,"key":"SMITH"},{"data":"Skim","floor":40,"key":"SMITH"},{"data":"Creative AI","floor":47,"key":"SMITH"},{"data":"Steam Power","floor":49,"key":"SMITH"}],"neow_cost":"CURSE","seed_source_timestamp":3514292203200,"circlet_count":0,"master_deck":["AscendersBane","Defend_B","Defend_B","Zap","Dualcast","Reinforced Body","Chill","Beam Cell+1","Conserve Battery+1","Sunder+1","Compile Driver","Defragment+1","Go for the Eyes","Ball Lightning","Fission+1","Self Repair","Reinforced Body","Skim+1","Conserve Battery","Coolheaded+1","Steam Power+1","Storm+1","Double Energy","Creative AI+1","Recycle+1","Hologram+1","Scrape"],"special_seed":0,"relics":["Cracked Core","StoneCalendar","Cables","StrikeDummy","Bird Faced Urn","Cursed Key","Orrery","Peace Pipe","Shuriken","Inserter","Lantern"],"potions_floor_usage":[29,33,33,42,50,50],"damage_taken":[{"damage":3.0,"enemies":"2 Louse","floor":1.0,"turns":4.0},{"damage":6.0,"enemies":"Cultist","floor":2.0,"turns":5.0},{"damage":0.0,"enemies":"Jaw Worm","floor":3.0,"turns":4.0},{"damage":32.0,"enemies":"Lagavulin","floor":6.0,"turns":10.0},{"damage":12.0,"enemies":"3 Sentries","floor":8.0,"turns":7.0},{"damage":8.0,"enemies":"Large Slime","floor":11.0,"turns":4.0},{"damage":6.0,"enemies":"Lagavulin","floor":14.0,"turns":5.0},{"damage":0.0,"enemies":"Slime Boss","floor":16.0,"turns":5.0},{"damage":2.0,"enemies":"3 Byrds","floor":18.0,"turns":5.0},{"damage":3.0,"enemies":"Chosen","floor":22.0,"turns":7.0},{"damage":3.0,"enemies":"Snake Plant","floor":24.0,"turns":4.0},{"damage":42,"enemies":"Slavers","floor":27,"turns":7},{"damage":0,"enemies":"Chosen and Byrds","floor":28,"turns":5},{"damage":8,"enemies":"Colosseum Slavers","floor":29,"turns":5},{"damage":15,"enemies":"Colosseum Nobs","floor":29,"turns":6},{"damage":10,"enemies":"Sentry and Sphere","floor":31,"turns":6},{"damage":55,"enemies":"Automaton","floor":33,"turns":11},{"damage":11,"enemies":"3 Shapes","floor":35,"turns":5},{"damage":27,"enemies":"Orb Walker","floor":37,"turns":5},{"damage":30,"enemies":"Writhing Mass","floor":38,"turns":8},{"damage":0,"enemies":"Maw","floor":39,"turns":8},{"damage":39,"enemies":"Nemesis","floor":42,"turns":7},{"damage":16,"enemies":"Spire Growth","floor":44,"turns":6},{"damage":5,"enemies":"Transient","floor":45,"turns":6},{"damage":49,"enemies":"Awakened One","floor":50,"turns":17}],"seed_played":"6597325850565955482","potions_obtained":[{"floor":2.0,"key":"GamblersBrew"},{"floor":8.0,"key":"FocusPotion"},{"floor":22.0,"key":"FocusPotion"},{"floor":31,"key":"Regen Potion"},{"floor":33,"key":"BlessingOfTheForge"},{"floor":37,"key":"DistilledChaos"},{"floor":45,"key":"Energy Potion"}],"is_trial":false,"path_per_floor":["M","M","M","$","?","E","R","E","T","R","M","R","?","E","R","B",null,"M","$","?","$","M","R","M","R","T","E","M","?","?","M","R","B",null,"M","?","M","M","M","R","?","E","T","M","M","?","R","$","R","B",null],"character_chosen":"DEFECT","items_purchased":["Orrery","Swift Potion","Scrape"],"campfire_rested":2,"item_purchase_floors":[19,48,48],"current_hp_per_floor":[61,55,55,55,48,16,37,25,25,25,17,38,38,32,32,34,62,62,62,62,62,70,70,69,69,69,38,51,43,43,46,46,19,58,68,68,52,41,70,70,70,49,49,46,60,60,60,60,60,24],"gold":73,"neow_bonus":"TRANSFORM_TWO_CARDS","is_prod":false,"is_daily":false,"chose_seed":false,"campfire_upgraded":8,"win_rate":0,"timestamp":1694662149,"path_taken":["M","M","M","$","?","E","R","E","T","R","M","R","?","E","R","BOSS","M","$","?","?","M","R","M","R","T","E","?","?","?","M","R","BOSS","M","?","?","M","M","R","?","E","T","M","M","?","R","$","R","BOSS"],"build_version":"2022-12-18","purchased_purges":3,"victory":true,"max_hp_per_floor":[71,71,71,71,71,71,71,71,71,71,71,71,71,71,71,71,71,71,71,71,71,71,71,71,71,71,71,71,71,71,71,71,71,71,71,71,71,71,71,71,71,71,71,71,71,71,71,71,71,71],"card_choices":[{"not_picked":["Recycle","Turbo"],"picked":"Beam Cell","floor":1.0},{"not_picked":["Coolheaded","Turbo"],"picked":"Conserve Battery","floor":2.0},{"not_picked":["Beam Cell","Cold Snap"],"picked":"Sunder","floor":3.0},{"not_picked":["Cold Snap","Thunder Strike"],"picked":"Compile Driver","floor":6.0},{"not_picked":["Doom and Gloom","Static Discharge"],"picked":"Defragment","floor":8.0},{"not_picked":["Coolheaded","Sweeping Beam"],"picked":"Go for the Eyes","floor":11.0},{"not_picked":["Go for the Eyes","Sunder"],"picked":"Ball Lightning","floor":14.0},{"not_picked":["Meteor Strike","Buffer"],"picked":"Fission","floor":16.0},{"not_picked":["Loop","Barrage"],"picked":"Self Repair","floor":18.0},{"not_picked":["Streamline","Go for the Eyes"],"picked":"Reinforced Body","floor":19.0},{"not_picked":["Redo","Cold Snap"],"picked":"Skim","floor":19.0},{"not_picked":["Sweeping Beam","Gash"],"picked":"Conserve Battery","floor":19.0},{"not_picked":["Hologram","Static Discharge"],"picked":"Coolheaded","floor":22.0},{"not_picked":["Hologram","Conserve Battery"],"picked":"Steam Power","floor":24.0},{"not_picked":["Stack","All For One"],"picked":"Storm","floor":27},{"not_picked":["Undo","Redo","Leap"],"picked":"SKIP","floor":28},{"not_picked":["Sweeping Beam+1","Turbo"],"picked":"Double Energy","floor":31},{"not_picked":["Hyperbeam","All For One"],"picked":"Creative AI","floor":33},{"not_picked":["Barrage","Cold Snap"],"picked":"Recycle+1","floor":35},{"not_picked":["Beam Cell+1","Rebound+1","Redo+1"],"picked":"SKIP","floor":37},{"not_picked":["Sunder","Self Repair"],"picked":"Hologram+1","floor":38},{"not_picked":["Capacitor+1","Go for the Eyes+1","Beam Cell"],"picked":"SKIP","floor":39},{"not_picked":["Darkness","BootSequence","Beam Cell"],"picked":"SKIP","floor":42},{"not_picked":["Ball Lightning","Redo","Sweeping Beam"],"picked":"SKIP","floor":44},{"not_picked":["Ball Lightning+1","Go for the Eyes","Conserve Battery+1"],"picked":"SKIP","floor":45}],"player_experience":588742,"relics_obtained":[{"floor":6.0,"key":"StoneCalendar"},{"floor":8.0,"key":"Cables"},{"floor":9.0,"key":"StrikeDummy"},{"floor":14.0,"key":"Bird Faced Urn"},{"floor":29,"key":"Peace Pipe"},{"floor":29,"key":"Shuriken"},{"floor":42,"key":"Lantern"}],"event_choices":[{"cards_removed":["Defend_B"],"damage_healed":0.0,"max_hp_gain":0.0,"max_hp_loss":0.0,"gold_gain":0.0,"event_name":"Golden Wing","player_choice":"Card Removal","floor":5.0,"gold_loss":0.0,"damage_taken":7.0},{"damage_healed":0.0,"max_hp_gain":0.0,"max_hp_loss":0.0,"gold_gain":0.0,"event_name":"Upgrade Shrine","player_choice":"Upgraded","floor":13.0,"gold_loss":0.0,"damage_taken":0.0,"cards_upgraded":["Defragment"]},{"damage_healed":0.0,"max_hp_gain":0.0,"max_hp_loss":0.0,"gold_gain":0.0,"event_name":"Match and Keep!","player_choice":"1 cards matched","floor":20.0,"gold_loss":0.0,"damage_taken":0.0,"cards_obtained":["Undo"]},{"damage_healed":0,"gold_gain":0,"player_choice":"Fight","damage_taken":0,"max_hp_gain":0,"max_hp_loss":0,"event_name":"Colosseum","floor":29,"gold_loss":0},{"damage_healed":0,"gold_gain":0,"player_choice":"Fought Nobs","damage_taken":0,"max_hp_gain":0,"max_hp_loss":0,"event_name":"Colosseum","floor":29,"gold_loss":0},{"damage_healed":0,"gold_gain":50,"player_choice":"Stole From Cult","damage_taken":0,"max_hp_gain":0,"max_hp_loss":0,"event_name":"Nest","floor":30,"gold_loss":0},{"cards_removed":["Strike_B"],"damage_healed":0,"gold_gain":0,"player_choice":"Upgrade and Remove","damage_taken":0,"max_hp_gain":0,"max_hp_loss":0,"event_name":"Designer","floor":36,"gold_loss":110,"cards_upgraded":["Beam Cell"]},{"damage_healed":0,"gold_gain":0,"player_choice":"Memory 1","damage_taken":0,"max_hp_gain":0,"max_hp_loss":0,"event_name":"SensoryStone","floor":41,"gold_loss":0},{"cards_removed":["Undo"],"damage_healed":0,"gold_gain":0,"player_choice":"Removed Skill","damage_taken":0,"max_hp_gain":0,"max_hp_loss":0,"event_name":"Falling","floor":46,"gold_loss":0}],"is_beta":false,"boss_relics":[{"not_picked":["Snecko Eye","Empty Cage"],"picked":"Cursed Key"},{"not_picked":["Busted Crown","Astrolabe"],"picked":"Inserter"}],"items_purged_floors":[4,19,48],"is_endless":false,"potions_floor_spawned":[2,8,16,22,27,29,31,33,37,38,45],"ascension_level":19}