{"gold_per_floor":[17,28,28,47,71,87,12,12,37,70,86,86,86,110,110,208,208,228,228,244,159,178,191,191,30,30,30,43,43,82,7,7,7],"floor_reached":33,"playtime":1031,"items_purged":["Strike_B"],"score":484,"play_id":"60170074-1b9f-485a-a943-fdef5ca24802","local_time":"20230906221754","is_ascension_mode":true,"campfire_choices":[{"floor":8.0,"key":"REST"},{"floor":13.0,"key":"REST"},{"data":"Consume","floor":15.0,"key":"SMITH"},{"floor":24.0,"key":"REST"},{"data":"Thinking Ahead","floor":27.0,"key":"SMITH"},{"floor":32.0,"key":"REST"}],"neow_cost":"NO_GOLD","seed_source_timestamp":2494014144176800,"circlet_count":0,"master_deck":["AscendersBane","Defend_B+1","Defend_B+1","Defend_B+1","Defend_B+1","Zap+1","Dualcast","Thinking Ahead+1","Melter","Tempest","Consume+1","Conserve Battery","BootSequence","White Noise","Reinforced Body","Electrodynamics","Capacitor+1","Ball Lightning+1","Ball Lightning+1","Tempest"],"special_seed":0,"relics":["Cracked Core","Golden Idol","Whetstone","Nunchaku","Velvet Choker","Anchor","Lee\u0027s Waffle","Molten Egg 2","HornCleat"],"potions_floor_usage":[33,33,33,33,33,33],"damage_taken":[{"damage":0.0,"enemies":"Cultist","floor":1.0,"turns":4.0},{"damage":0.0,"enemies":"2 Louse","floor":2.0,"turns":2.0},{"damage":7.0,"enemies":"Jaw Worm","floor":4.0,"turns":3.0},{"damage":13.0,"enemies":"3 Louse","floor":5.0,"turns":2.0},{"damage":0.0,"enemies":"Large Slime","floor":6.0,"turns":4.0},{"damage":18.0,"enemies":"Gremlin Nob","floor":10.0,"turns":4.0},{"damage":8.0,"enemies":"Blue Slaver","floor":11.0,"turns":4.0},{"damage":2.0,"enemies":"Exordium Wildlife","floor":14.0,"turns":3.0},{"damage":20.0,"enemies":"The Guardian","floor":16.0,"turns":9.0},{"damage":8.0,"enemies":"2 Thieves","floor":18.0,"turns":3.0},{"damage":2.0,"enemies":"Shell Parasite","floor":20.0,"turns":4.0},{"damage":18.0,"enemies":"Snake Plant","floor":22.0,"turns":4.0},{"damage":12.0,"enemies":"Cultist and Chosen","floor":23.0,"turns":4.0},{"damage":4.0,"enemies":"Sentry and Sphere","floor":28.0,"turns":3.0},{"damage":43.0,"enemies":"Book of Stabbing","floor":30.0,"turns":6.0},{"damage":84,"enemies":"Champ","floor":33,"turns":7}],"seed_played":"-8307708640470424738","potions_obtained":[{"floor":2.0,"key":"Swift Potion"},{"floor":4.0,"key":"Fire Potion"},{"floor":6.0,"key":"Swift Potion"},{"floor":14.0,"key":"FearPotion"},{"floor":16.0,"key":"Fire Potion"},{"floor":18.0,"key":"SkillPotion"},{"floor":20.0,"key":"EntropicBrew"},{"floor":23.0,"key":"DuplicationPotion"}],"is_trial":false,"path_per_floor":["M","M","?","M","M","M","$","R","T","E","M","?","R","M","R","B",null,"M","?","M","?","M","M","R","$","T","R","M","?","E","?","R","B"],"character_chosen":"DEFECT","items_purchased":["Lee\u0027s Waffle"],"campfire_rested":4,"item_purchase_floors":[25],"current_hp_per_floor":[64,64,40,33,20,20,20,41,41,23,15,15,36,34,34,14,57,49,49,47,47,29,17,38,78,78,78,74,74,31,31,54,0],"gold":7,"neow_bonus":"RANDOM_COLORLESS_2","is_prod":false,"is_daily":false,"chose_seed":false,"campfire_upgraded":2,"win_rate":0,"timestamp":1694063874,"path_taken":["M","M","?","M","M","M","$","R","T","E","M","?","R","M","R","BOSS","M","?","M","?","?","M","R","$","T","R","M","?","E","?","R","BOSS"],"build_version":"2022-12-18","purchased_purges":1,"victory":false,"max_hp_per_floor":[71,71,71,71,71,71,71,71,71,71,71,71,71,71,71,71,71,71,71,71,71,71,71,71,78,78,78,78,78,78,78,78,78],"card_choices":[{"not_picked":["Master of Strategy","Transmutation"],"picked":"Thinking Ahead","floor":0.0},{"not_picked":["Turbo","White Noise"],"picked":"Melter","floor":1.0},{"not_picked":["Coolheaded","Compile Driver"],"picked":"Tempest","floor":2.0},{"not_picked":["Barrage","Streamline"],"picked":"Consume","floor":4.0},{"not_picked":["Rebound","Consume"],"picked":"Conserve Battery","floor":5.0},{"not_picked":["Melter","Blizzard"],"picked":"BootSequence","floor":6.0},{"not_picked":["Skim","Steam Power"],"picked":"White Noise","floor":10.0},{"not_picked":["Fusion","Coolheaded"],"picked":"Reinforced Body","floor":11.0},{"not_picked":["Streamline","Conserve Battery","Compile Driver"],"picked":"SKIP","floor":14.0},{"not_picked":["Biased Cognition","Multi-Cast"],"picked":"Electrodynamics","floor":16.0},{"not_picked":["Rebound","Sweeping Beam+1","Hello World"],"picked":"SKIP","floor":18.0},{"not_picked":["Stack","Aggregate"],"picked":"Capacitor+1","floor":20.0},{"not_picked":["Conserve Battery","Gash","Darkness"],"picked":"SKIP","floor":22.0},{"not_picked":["Compile Driver","Beam Cell","Coolheaded"],"picked":"SKIP","floor":23.0},{"not_picked":["FTL+1","Double Energy"],"picked":"Ball Lightning+1","floor":28.0},{"not_picked":["Compile Driver+1","Beam Cell+1","Leap"],"picked":"SKIP","floor":30.0}],"player_experience":498420,"relics_obtained":[{"floor":9.0,"key":"Whetstone"},{"floor":10.0,"key":"Nunchaku"},{"floor":26.0,"key":"Molten Egg 2"},{"floor":30.0,"key":"HornCleat"}],"event_choices":[{"damage_healed":0.0,"max_hp_gain":0.0,"max_hp_loss":0.0,"gold_gain":0.0,"event_name":"Golden Idol","player_choice":"Take Damage","floor":3.0,"gold_loss":0.0,"damage_taken":24.0,"relics_obtained":["Golden Idol"]},{"damage_healed":0.0,"max_hp_gain":0.0,"max_hp_loss":0.0,"gold_gain":0.0,"event_name":"Accursed Blacksmith","player_choice":"Forge","floor":12.0,"gold_loss":0.0,"damage_taken":0.0,"cards_upgraded":["Zap"]},{"damage_healed":0.0,"max_hp_gain":0.0,"max_hp_loss":0.0,"gold_gain":0.0,"event_name":"Back to Basics","player_choice":"Simplicity","floor":19.0,"gold_loss":0.0,"damage_taken":0.0,"cards_upgraded":["Strike_B","Defend_B","Defend_B","Defend_B","Defend_B"]},{"damage_healed":0.0,"max_hp_gain":0.0,"max_hp_loss":0.0,"gold_gain":0.0,"event_name":"Addict","player_choice":"Obtained Relic","floor":21.0,"gold_loss":85.0,"damage_taken":0.0,"relics_obtained":["Anchor"]},{"damage_healed":0.0,"max_hp_gain":0.0,"max_hp_loss":0.0,"gold_gain":0.0,"cards_transformed":["Strike_B","Strike_B"],"event_name":"Drug Dealer","player_choice":"Became Test Subject","floor":29.0,"gold_loss":0.0,"damage_taken":0.0,"cards_obtained":["Ball Lightning","Tempest"]},{"cards_removed":["Strike_B"],"damage_healed":0.0,"max_hp_gain":0.0,"max_hp_loss":0.0,"gold_gain":0.0,"event_name":"Beggar","player_choice":"Gave Gold","floor":31.0,"gold_loss":75.0,"damage_taken":0.0}],"is_beta":false,"boss_relics":[{"not_picked":["Empty Cage","Cursed Key"],"picked":"Velvet Choker"}],"items_purged_floors":[7],"is_endless":false,"potions_floor_spawned":[2,4,6,14,16,18,20,22,23],"killed_by":"Champ","ascension_level":16}