{"gold_per_floor":[114,114,131,145,158,158,193,193,273,273,305,321,346,20,20,94,94,110,13,13,32,32,32,32],"floor_reached":24,"playtime":952,"items_purged":[],"score":417,"play_id":"f17df956-5650-4ba5-b3c7-65be6e62fd91","local_time":"20230913072013","is_ascension_mode":true,"campfire_choices":[{"data":"Ball Lightning","floor":6,"key":"SMITH"},{"data":"Machine Learning","floor":15,"key":"SMITH"},{"data":"Amplify","floor":23,"key":"SMITH"}],"neow_cost":"NONE","seed_source_timestamp":282897395707700,"circlet_count":0,"master_deck":["AscendersBane","Defend_B","Defend_B","Defend_B","Defend_B","Zap+1","Dualcast","Ball Lightning+1","Leap","Ball Lightning","Amplify+1","Machine Learning+1","Coolheaded","Coolheaded","Conserve Battery","Loop","Lockon","Machine Learning","BootSequence+1","Hyperbeam+1","Gash+1","Heatsinks","Bandage Up","Heatsinks"],"relics":["Cracked Core","Incense Burner","Mummified Hand","Boot","Bag of Marbles","Oddly Smooth Stone","Astrolabe"],"potions_floor_usage":[11,16],"damage_taken":[{"damage":7,"enemies":"Small Slimes","floor":1,"turns":3},{"damage":1,"enemies":"Cultist","floor":3,"turns":3},{"damage":0,"enemies":"2 Louse","floor":4,"turns":3},{"damage":14,"enemies":"Exordium Wildlife","floor":5,"turns":4},{"damage":7,"enemies":"Lagavulin","floor":7,"turns":6},{"damage":5,"enemies":"Gremlin Nob","floor":11,"turns":3},{"damage":3,"enemies":"3 Louse","floor":12,"turns":4},{"damage":25,"enemies":"3 Sentries","floor":13,"turns":6},{"damage":2,"enemies":"The Guardian","floor":16,"turns":8},{"damage":14,"enemies":"Shell Parasite","floor":18,"turns":6},{"damage":0,"enemies":"Spheric Guardian","floor":21,"turns":4},{"damage":53,"enemies":"Slavers","floor":24,"turns":3}],"seed_played":"5989424877419872896","potions_obtained":[{"floor":3,"key":"LiquidBronze"},{"floor":5,"key":"Fire Potion"},{"floor":11,"key":"FocusPotion"},{"floor":18,"key":"SpeedPotion"}],"is_trial":false,"path_per_floor":["M","?","M","M","M","R","E","?","T","?","E","M","E","$","R","B",null,"M","$","?","M","?","R","E"],"character_chosen":"DEFECT","items_purchased":["Loop","Lockon","Oddly Smooth Stone","Bandage Up"],"campfire_rested":0,"item_purchase_floors":[14,14,14,19],"current_hp_per_floor":[57,57,56,56,42,42,35,35,35,58,53,50,25,25,25,23,59,45,45,39,43,43,43,0],"gold":32,"neow_bonus":"THREE_CARDS","is_prod":false,"is_daily":false,"chose_seed":false,"campfire_upgraded":3,"win_rate":0,"timestamp":1694614813,"path_taken":["M","?","M","M","?","R","E","?","T","?","E","M","E","?","R","BOSS","M","$","?","?","?","R","E"],"build_version":"2022-12-18","purchased_purges":0,"victory":false,"max_hp_per_floor":[71,71,71,71,71,71,71,71,71,71,71,71,71,71,71,71,71,71,71,71,71,71,71,71],"card_choices":[{"not_picked":["Turbo","Go for the Eyes"],"picked":"Ball Lightning","floor":0},{"not_picked":["Streamline","Turbo"],"picked":"Leap","floor":1},{"not_picked":["BootSequence","Go for the Eyes"],"picked":"Ball Lightning","floor":3},{"not_picked":["White Noise","Storm","Scrape"],"picked":"SKIP","floor":4},{"not_picked":["Chaos","Steam"],"picked":"Amplify","floor":5},{"not_picked":["Barrage","Recycle"],"picked":"Machine Learning","floor":7},{"not_picked":["Barrage","Aggregate"],"picked":"Coolheaded","floor":11},{"not_picked":["Hologram","Recycle"],"picked":"Coolheaded","floor":12},{"not_picked":["Go for the Eyes","Doom and Gloom"],"picked":"Conserve Battery","floor":13},{"not_picked":["Thunder Strike","Buffer"],"picked":"Machine Learning","floor":16},{"not_picked":["Melter","Sweeping Beam"],"picked":"Heatsinks","floor":18},{"not_picked":["Streamline+1","Double Energy"],"picked":"Heatsinks","floor":21}],"player_experience":584705,"relics_obtained":[{"floor":7,"key":"Incense Burner"},{"floor":9,"key":"Mummified Hand"},{"floor":11,"key":"Boot"},{"floor":13,"key":"Bag of Marbles"}],"event_choices":[{"damage_healed":0,"gold_gain":0,"player_choice":"Forge","damage_taken":0,"max_hp_gain":0,"max_hp_loss":0,"event_name":"Accursed Blacksmith","floor":2,"gold_loss":0,"cards_upgraded":["Zap"]},{"damage_healed":0,"gold_gain":0,"player_choice":"Ignored","damage_taken":0,"max_hp_gain":0,"max_hp_loss":0,"event_name":"Shining Light","floor":8,"gold_loss":0},{"damage_healed":23,"gold_gain":0,"player_choice":"Banana","damage_taken":0,"max_hp_gain":0,"max_hp_loss":0,"event_name":"Big Fish","floor":10,"gold_loss":0},{"damage_healed":0,"gold_gain":0,"player_choice":"","damage_taken":6,"max_hp_gain":0,"max_hp_loss":0,"event_name":"Knowing Skull","floor":20,"potions_obtained":[],"gold_loss":0,"cards_obtained":[]},{"cards_removed":["Strike_B"],"damage_healed":0,"gold_gain":0,"player_choice":"Purged","damage_taken":0,"max_hp_gain":0,"max_hp_loss":0,"event_name":"Purifier","floor":22,"gold_loss":0}],"is_beta":false,"boss_relics":[{"not_picked":["Snecko Eye","FrozenCore"],"picked":"Astrolabe"}],"items_purged_floors":[],"is_endless":false,"potions_floor_spawned":[3,5,7,11,18,21],"killed_by":"Slavers","ascension_level":19}