{"gold_per_floor":[18,28,42,1,18,18,30,30,76,101,115,140,140,168,168,244,244,262,262,99,149,176,176,205,85],"floor_reached":25,"playtime":1030,"items_purged":["Strike_B"],"score":466,"play_id":"1ea189a5-c499-4967-9200-78900d687ff8","local_time":"20230913061754","is_ascension_mode":true,"campfire_choices":[{"data":"Sweeping Beam","floor":6,"key":"SMITH"},{"data":"Defragment","floor":8,"key":"SMITH"},{"data":"Doom and Gloom","floor":13,"key":"SMITH"},{"data":"Darkness","floor":15,"key":"SMITH"},{"data":"Machine Learning","floor":23,"key":"SMITH"}],"neow_cost":"NO_GOLD","seed_source_timestamp":279079376784300,"circlet_count":0,"master_deck":["AscendersBane","Strike_B","Defend_B","Defend_B","Defend_B","Defend_B","Zap","Dualcast","Cold Snap","Self Repair","Coolheaded","Defragment+1","Sweeping Beam+1","Doom and Gloom+1","Recycle","Reinforced Body","Darkness+1","Biased Cognition","Conserve Battery","Machine Learning+1"],"relics":["Cracked Core","Emotion Chip","PreservedInsect","White Beast Statue","Tiny Chest","Bird Faced Urn","Empty Cage","Ancient Tea Set","Ice Cream"],"potions_floor_usage":[3,10,12,24,24],"damage_taken":[{"damage":0,"enemies":"Cultist","floor":1,"turns":3},{"damage":7,"enemies":"Jaw Worm","floor":2,"turns":3},{"damage":2,"enemies":"2 Louse","floor":3,"turns":4},{"damage":2,"enemies":"Red Slaver","floor":5,"turns":5},{"damage":10,"enemies":"Lots of Slimes","floor":7,"turns":3},{"damage":10,"enemies":"3 Sentries","floor":10,"turns":3},{"damage":13,"enemies":"Blue Slaver","floor":11,"turns":3},{"damage":5,"enemies":"Gremlin Nob","floor":12,"turns":3},{"damage":6,"enemies":"Lagavulin","floor":14,"turns":5},{"damage":1,"enemies":"Slime Boss","floor":16,"turns":7},{"damage":30,"enemies":"Chosen","floor":18,"turns":4},{"damage":40,"enemies":"Gremlin Leader","floor":24,"turns":6},{"damage":29,"enemies":"2 Thieves","floor":25,"turns":3}],"seed_played":"8936329253687048788","potions_obtained":[{"floor":2,"key":"Fire Potion"},{"floor":3,"key":"Fruit Juice"},{"floor":10,"key":"FocusPotion"},{"floor":11,"key":"ColorlessPotion"},{"floor":12,"key":"FocusPotion"},{"floor":24,"key":"Ancient Potion"}],"is_trial":false,"path_per_floor":["M","M","M","$","M","R","M","R","T","E","M","E","R","E","R","B",null,"M","?","$","?","T","R","E","M"],"character_chosen":"DEFECT","items_purchased":["Defragment","Machine Learning"],"campfire_rested":0,"item_purchase_floors":[4,20],"current_hp_per_floor":[64,57,67,67,72,72,62,62,62,52,46,41,41,42,42,52,70,51,51,51,44,44,44,19,0],"gold":85,"neow_bonus":"ONE_RARE_RELIC","is_prod":false,"is_daily":false,"chose_seed":false,"campfire_upgraded":5,"win_rate":0,"timestamp":1694611074,"path_taken":["M","M","M","$","M","R","?","R","T","E","?","E","R","E","R","BOSS","M","?","?","?","?","R","E","M"],"build_version":"2022-12-18","purchased_purges":1,"victory":false,"max_hp_per_floor":[71,71,76,76,76,76,76,76,76,76,76,76,76,76,76,76,76,76,76,76,76,76,76,76,76],"card_choices":[{"not_picked":["Redo","Chill"],"picked":"Cold Snap","floor":1},{"not_picked":["Sweeping Beam","Fusion"],"picked":"Self Repair","floor":2},{"not_picked":["Redo","Go for the Eyes"],"picked":"Coolheaded","floor":3},{"not_picked":["Beam Cell","Double Energy"],"picked":"Sweeping Beam","floor":5},{"not_picked":["Steam","Glacier"],"picked":"Doom and Gloom","floor":7},{"not_picked":["Beam Cell","Rainbow"],"picked":"Recycle","floor":10},{"not_picked":["Rebound","Hello World"],"picked":"Reinforced Body","floor":11},{"not_picked":["White Noise","Recycle","Rebound"],"picked":"SKIP","floor":12},{"not_picked":["Rebound","Reprogram"],"picked":"Darkness","floor":14},{"not_picked":["Multi-Cast","Machine Learning"],"picked":"Biased Cognition","floor":16},{"not_picked":["Streamline","Barrage"],"picked":"Conserve Battery","floor":18},{"not_picked":["Streamline","Sweeping Beam","Tempest"],"picked":"SKIP","floor":24}],"player_experience":580965,"relics_obtained":[{"floor":9,"key":"PreservedInsect"},{"floor":10,"key":"White Beast Statue"},{"floor":12,"key":"Tiny Chest"},{"floor":14,"key":"Bird Faced Urn"},{"floor":22,"key":"Ancient Tea Set"},{"floor":24,"key":"Ice Cream"}],"event_choices":[{"damage_healed":0,"gold_gain":0,"player_choice":"Ignored","damage_taken":0,"max_hp_gain":0,"max_hp_loss":0,"event_name":"N\u0027loth","floor":19,"gold_loss":0},{"damage_healed":0,"gold_gain":50,"player_choice":"Touch","damage_taken":7,"max_hp_gain":0,"max_hp_loss":0,"event_name":"FaceTrader","floor":21,"gold_loss":0}],"is_beta":false,"boss_relics":[{"not_picked":["Busted Crown","Calling Bell"],"picked":"Empty Cage"}],"items_purged_floors":[20],"is_endless":false,"potions_floor_spawned":[2,3,10,11,12,14,16,18,24],"killed_by":"2 Thieves","ascension_level":19}