{"gold_per_floor":[119,129,140,152,39,39,74,74,74,74,74,39,66,216,216,295,295,308,308,308,323,342,342,342,342,342,342,342],"floor_reached":28,"playtime":855,"items_purged":[],"score":402,"play_id":"ea39f6d4-453f-4b90-a3ed-3bb146d12f73","local_time":"20230906204229","is_ascension_mode":true,"campfire_choices":[{"data":"Go for the Eyes","floor":6,"key":"SMITH"},{"data":"Auto Shields","floor":8,"key":"SMITH"},{"data":"Dualcast","floor":11,"key":"SMITH"},{"data":"Ball Lightning","floor":15,"key":"SMITH"},{"data":"Self Repair","floor":23,"key":"SMITH"},{"data":"Self Repair","floor":25,"key":"SMITH"},{"data":"Coolheaded","floor":27,"key":"SMITH"}],"neow_cost":"NONE","seed_source_timestamp":2488601846549100,"circlet_count":0,"master_deck":["AscendersBane","Strike_B","Strike_B","Strike_B","Strike_B","Defend_B","Defend_B","Defend_B","Defend_B","Zap+1","Dualcast+1","Go for the Eyes+1","Auto Shields+1","Ball Lightning+1","Chill","Cold Snap","Self Repair+1","Seek","Self Repair+1","Writhe","Coolheaded+1"],"relics":["Cracked Core","Blue Candle","Ice Cream","Torii","Coffee Dripper","Regal Pillow","Spirit Poop","CeramicFish"],"potions_floor_usage":[7,16,16],"damage_taken":[{"damage":0,"enemies":"Cultist","floor":1,"turns":4},{"damage":0,"enemies":"Small Slimes","floor":2,"turns":3},{"damage":0,"enemies":"Jaw Worm","floor":3,"turns":3},{"damage":12,"enemies":"2 Fungi Beasts","floor":4,"turns":3},{"damage":8,"enemies":"Lagavulin","floor":7,"turns":7},{"damage":9,"enemies":"3 Sentries","floor":13,"turns":8},{"damage":36,"enemies":"Slime Boss","floor":16,"turns":9},{"damage":11,"enemies":"Chosen","floor":18,"turns":7},{"damage":20,"enemies":"Spheric Guardian","floor":21,"turns":6},{"damage":27,"enemies":"3 Cultists","floor":22,"turns":7},{"damage":18,"enemies":"Sentry and Sphere","floor":28,"turns":5}],"seed_played":"6276141350714438483","potions_obtained":[{"floor":7,"key":"Weak Potion"},{"floor":13,"key":"SkillPotion"},{"floor":16,"key":"Energy Potion"},{"floor":18,"key":"LiquidBronze"}],"is_trial":false,"path_per_floor":["M","M","M","M","$","R","E","R","T","$","R","?","E","?","R","B",null,"M","?","?","M","M","R","?","R","T","R","M"],"character_chosen":"DEFECT","items_purchased":["CultistPotion"],"campfire_rested":0,"item_purchase_floors":[5],"current_hp_per_floor":[64,64,64,52,52,52,44,44,44,44,44,61,52,52,52,23,59,55,55,35,29,16,16,16,16,16,16,0],"gold":342,"neow_bonus":"UPGRADE_CARD","is_prod":false,"is_daily":false,"chose_seed":false,"campfire_upgraded":7,"win_rate":0,"timestamp":1694058149,"path_taken":["M","M","M","M","$","R","E","R","T","$","R","?","E","?","R","BOSS","M","?","?","M","M","R","?","R","T","R","?"],"build_version":"2022-12-18","purchased_purges":0,"victory":false,"max_hp_per_floor":[71,71,71,71,71,71,71,71,71,71,71,71,71,71,71,71,71,71,71,76,76,76,76,76,76,76,76,76],"card_choices":[{"not_picked":["Rebound","Hologram"],"picked":"Go for the Eyes","floor":1},{"not_picked":["Turbo","Conserve Battery"],"picked":"Auto Shields","floor":2},{"not_picked":["Conserve Battery","Genetic Algorithm"],"picked":"Ball Lightning","floor":3},{"not_picked":["Leap","Force Field"],"picked":"Chill","floor":4},{"not_picked":["Recycle","Barrage"],"picked":"Cold Snap","floor":7},{"not_picked":["Sweeping Beam","Reboot"],"picked":"Self Repair","floor":13},{"not_picked":["Rainbow","Buffer"],"picked":"Seek","floor":16},{"not_picked":["Coolheaded","Compile Driver"],"picked":"Self Repair","floor":18},{"not_picked":["Hologram","Barrage"],"picked":"Coolheaded","floor":21},{"not_picked":["Redo","Scrape","Rebound"],"picked":"SKIP","floor":22}],"player_experience":493088,"relics_obtained":[{"floor":7,"key":"Blue Candle"},{"floor":9,"key":"Ice Cream"},{"floor":13,"key":"Torii"},{"floor":26,"key":"CeramicFish"}],"event_choices":[{"damage_healed":17,"gold_gain":0,"player_choice":"Healed","damage_taken":0,"max_hp_gain":0,"max_hp_loss":0,"event_name":"The Cleric","floor":12,"gold_loss":35},{"damage_healed":0,"gold_gain":150,"player_choice":"AGREE","damage_taken":0,"max_hp_gain":0,"max_hp_loss":0,"event_name":"Liars Game","floor":14,"gold_loss":0,"cards_obtained":["Doubt"]},{"damage_healed":0,"gold_gain":0,"player_choice":"Opened","damage_taken":0,"relics_obtained":["Regal Pillow"],"max_hp_gain":0,"max_hp_loss":0,"event_name":"The Mausoleum","floor":19,"gold_loss":0,"cards_obtained":["Writhe"]},{"damage_healed":0,"gold_gain":0,"player_choice":"Shed Blood","damage_taken":25,"max_hp_gain":5,"max_hp_loss":0,"event_name":"Forgotten Altar","floor":20,"gold_loss":0},{"cards_removed":["Doubt"],"damage_healed":0,"gold_gain":0,"player_choice":"Offered Curse","damage_taken":0,"relics_obtained":["Spirit Poop"],"max_hp_gain":0,"max_hp_loss":0,"event_name":"Bonfire Elementals","floor":24,"gold_loss":0}],"is_beta":false,"boss_relics":[{"not_picked":["Velvet Choker","Empty Cage"],"picked":"Coffee Dripper"}],"items_purged_floors":[],"is_endless":false,"potions_floor_spawned":[7,13,16,18],"killed_by":"Sentry and Sphere","ascension_level":16}