{"gold_per_floor":[118,128,144,294,80,107,107,138,185,214,214,214,243,203,203,280,280,297,309,97,115,115,115,115],"floor_reached":24,"playtime":911,"items_purged":["Doubt"],"score":403,"play_id":"2d37e0e6-ff85-4062-881b-c6cd573e1e93","local_time":"20230906210643","is_ascension_mode":true,"campfire_choices":[{"floor":7,"key":"REST"},{"floor":12,"key":"REST"},{"floor":15,"key":"REST"},{"data":"Fission","floor":23,"key":"SMITH"}],"neow_cost":"NONE","seed_source_timestamp":2490002242114600,"circlet_count":0,"master_deck":["AscendersBane","Strike_B","Strike_B","Strike_B","Strike_B","Defend_B","Defend_B","Defend_B","Defend_B+1","Zap","Dualcast+1","Lockon","Glacier","Panacea","Sweeping Beam","Ball Lightning","Cold Snap","BootSequence","Fission+1","Self Repair","Capacitor"],"relics":["Cracked Core","NeowsBlessing","StrikeDummy","Bag of Marbles","Happy Flower","War Paint","Omamori","SacredBark","ClockworkSouvenir"],"potions_floor_usage":[6,10,16,21,22],"damage_taken":[{"damage":0,"enemies":"Cultist","floor":1,"turns":1},{"damage":0,"enemies":"2 Louse","floor":2,"turns":1},{"damage":0,"enemies":"Small Slimes","floor":3,"turns":1},{"damage":33,"enemies":"Gremlin Nob","floor":6,"turns":4},{"damage":21,"enemies":"3 Sentries","floor":8,"turns":6},{"damage":11,"enemies":"Gremlin Nob","floor":10,"turns":3},{"damage":18,"enemies":"Lagavulin","floor":13,"turns":4},{"damage":5,"enemies":"Slime Boss","floor":16,"turns":9},{"damage":16,"enemies":"Chosen","floor":18,"turns":5},{"damage":9,"enemies":"Shell Parasite","floor":19,"turns":5},{"damage":16,"enemies":"Centurion and Healer","floor":21,"turns":8},{"damage":0,"enemies":"Shelled Parasite and Fungi","floor":22,"turns":1},{"damage":46,"enemies":"Gremlin Leader","floor":24,"turns":6}],"seed_played":"-2300605059956791248","potions_obtained":[{"floor":1,"key":"SpeedPotion"},{"floor":2,"key":"FearPotion"},{"floor":3,"key":"Dexterity Potion"},{"floor":14,"key":"Fire Potion"},{"floor":14,"key":"CultistPotion"},{"floor":16,"key":"Block Potion"},{"floor":18,"key":"SmokeBomb"}],"is_trial":false,"path_per_floor":["M","M","M","?","$","E","R","E","T","E","?","R","E","?","R","B",null,"M","M","$","M","M","R","E"],"character_chosen":"DEFECT","items_purchased":["Panacea","Sweeping Beam","Self Repair","ClockworkSouvenir"],"campfire_rested":3,"item_purchase_floors":[5,5,20,20],"current_hp_per_floor":[64,64,64,64,64,31,52,31,31,20,25,47,29,29,51,46,69,53,44,44,35,35,35,0],"gold":115,"neow_bonus":"THREE_ENEMY_KILL","is_prod":false,"is_daily":false,"chose_seed":false,"campfire_upgraded":1,"win_rate":0,"timestamp":1694059603,"path_taken":["M","?","?","?","$","E","R","E","T","E","?","R","E","?","R","BOSS","M","?","$","M","M","R","E"],"build_version":"2022-12-18","purchased_purges":1,"victory":false,"max_hp_per_floor":[71,71,71,71,71,71,71,71,71,71,76,76,76,76,76,76,76,76,76,76,76,76,76,76],"card_choices":[{"not_picked":["Lockon","Barrage","Turbo"],"picked":"SKIP","floor":1},{"not_picked":["Barrage","Turbo"],"picked":"Lockon","floor":1},{"not_picked":["Sunder","Hologram"],"picked":"Glacier","floor":2},{"not_picked":["Hologram","Compile Driver","Stack"],"picked":"SKIP","floor":3},{"not_picked":["Machine Learning","Sunder"],"picked":"Ball Lightning","floor":6},{"not_picked":["Hologram","Rebound","Gash"],"picked":"SKIP","floor":8},{"not_picked":["Streamline","Blizzard"],"picked":"Cold Snap","floor":10},{"not_picked":["Aggregate","Reprogram"],"picked":"BootSequence","floor":13},{"not_picked":["All For One","Hyperbeam"],"picked":"Fission","floor":16},{"not_picked":["Tempest","Turbo","Coolheaded"],"picked":"SKIP","floor":18},{"not_picked":["Force Field","Leap","Redo"],"picked":"SKIP","floor":19},{"not_picked":["Streamline","Ball Lightning"],"picked":"Capacitor","floor":21}],"player_experience":494465,"relics_obtained":[{"floor":6,"key":"StrikeDummy"},{"floor":8,"key":"Bag of Marbles"},{"floor":9,"key":"Happy Flower"},{"floor":10,"key":"War Paint"},{"floor":13,"key":"Omamori"}],"event_choices":[{"damage_healed":0,"gold_gain":150,"player_choice":"AGREE","damage_taken":0,"max_hp_gain":0,"max_hp_loss":0,"event_name":"Liars Game","floor":4,"gold_loss":0,"cards_obtained":["Doubt"]},{"damage_healed":0,"gold_gain":0,"player_choice":"Donut","damage_taken":0,"max_hp_gain":5,"max_hp_loss":0,"event_name":"Big Fish","floor":11,"gold_loss":0},{"damage_healed":0,"gold_gain":0,"player_choice":"Bought 3 Potions","damage_taken":0,"max_hp_gain":0,"max_hp_loss":0,"event_name":"The Woman in Blue","floor":14,"gold_loss":0}],"is_beta":false,"boss_relics":[{"not_picked":["Velvet Choker","Black Star"],"picked":"SacredBark"}],"items_purged_floors":[5],"is_endless":false,"potions_floor_spawned":[1,2,3,16,18,19],"killed_by":"Gremlin Leader","ascension_level":16}