{"gold_per_floor":[114,114,125,125,142,142,67,67,67,67,77,90,90,90,90,183,183,206,206,256,181,194,194,38,38,64,108,108,133,153,171,171,171],"floor_reached":33,"playtime":978,"items_purged":["Strike_B"],"score":459,"play_id":"291961f8-5829-43fe-8b07-1118179eb676","local_time":"20230906202147","is_ascension_mode":true,"campfire_choices":[{"data":"Zap","floor":6,"key":"SMITH"},{"data":"Defragment","floor":8,"key":"SMITH"},{"data":"Auto Shields","floor":10,"key":"SMITH"},{"data":"Dualcast","floor":13,"key":"SMITH"},{"data":"BootSequence","floor":15,"key":"SMITH"},{"data":"Defragment","floor":23,"key":"SMITH"},{"data":"Fission","floor":28,"key":"SMITH"},{"floor":32,"key":"REST"}],"neow_cost":"NONE","seed_source_timestamp":2487229292410800,"circlet_count":0,"master_deck":["AscendersBane","Strike_B+1","Defend_B","Defend_B","Defend_B","Zap+1","Dualcast+1","BootSequence+1","Defragment+1","Auto Shields+1","Core Surge","Ball Lightning","Defragment+1","Capacitor","Electrodynamics","Fission+1","Coolheaded+1"],"relics":["Cracked Core","Whetstone","Lantern","Anchor","Golden Idol","Philosopher\u0027s Stone","Blood Vial","Bag of Preparation"],"potions_floor_usage":[16,27,33,33],"damage_taken":[{"damage":0,"enemies":"2 Louse","floor":1,"turns":2},{"damage":0,"enemies":"Jaw Worm","floor":3,"turns":3},{"damage":1,"enemies":"Small Slimes","floor":5,"turns":3},{"damage":5,"enemies":"2 Fungi Beasts","floor":11,"turns":3},{"damage":1,"enemies":"Looter","floor":12,"turns":3},{"damage":47,"enemies":"Hexaghost","floor":16,"turns":14},{"damage":6,"enemies":"Shell Parasite","floor":18,"turns":7},{"damage":0,"enemies":"Chosen","floor":22,"turns":4},{"damage":21,"enemies":"Slavers","floor":27,"turns":4},{"damage":11,"enemies":"Shelled Parasite and Fungi","floor":29,"turns":3},{"damage":0,"enemies":"Cultist and Chosen","floor":30,"turns":4},{"damage":0,"enemies":"Sentry and Sphere","floor":31,"turns":3},{"damage":48,"enemies":"Champ","floor":33,"turns":7}],"seed_played":"3288636977679140539","potions_obtained":[{"floor":1,"key":"FairyPotion"},{"floor":3,"key":"Weak Potion"},{"floor":5,"key":"Regen Potion"},{"floor":18,"key":"GamblersBrew"},{"floor":29,"key":"Fire Potion"},{"floor":31,"key":"Fire Potion"}],"is_trial":false,"path_per_floor":["M","?","M","?","M","R","$","R","T","R","M","M","R","?","R","B",null,"M","?","?","?","M","R","$","?","T","E","R","M","M","M","R","B"],"character_chosen":"DEFECT","items_purchased":["Electrodynamics"],"campfire_rested":1,"item_purchase_floors":[24],"current_hp_per_floor":[64,46,46,39,38,38,38,38,38,38,33,32,32,32,32,19,53,47,47,47,47,47,47,47,47,47,28,28,19,21,23,42,0],"gold":171,"neow_bonus":"RANDOM_COMMON_RELIC","is_prod":false,"is_daily":false,"chose_seed":false,"campfire_upgraded":7,"win_rate":0,"timestamp":1694056907,"path_taken":["M","?","M","?","M","R","?","R","T","R","M","M","R","?","R","BOSS","M","?","?","?","M","R","$","?","T","E","R","M","?","M","R","BOSS"],"build_version":"2022-12-18","purchased_purges":1,"victory":false,"max_hp_per_floor":[71,71,71,71,71,71,71,71,71,71,71,71,71,64,64,64,64,64,64,64,64,64,64,64,64,64,64,64,64,64,64,64,64],"card_choices":[{"not_picked":["Double Energy","Conserve Battery"],"picked":"BootSequence","floor":1},{"not_picked":["Fusion","Recycle"],"picked":"Defragment","floor":3},{"not_picked":["BootSequence","Rebound"],"picked":"Auto Shields","floor":5},{"not_picked":["Scrape","Hologram","Steam"],"picked":"SKIP","floor":11},{"not_picked":["Undo","Sweeping Beam","Force Field"],"picked":"SKIP","floor":12},{"not_picked":["Reboot","Machine Learning"],"picked":"Core Surge","floor":16},{"not_picked":["Beam Cell","Loop"],"picked":"Ball Lightning","floor":18},{"not_picked":["Ball Lightning","Rebound"],"picked":"Capacitor","floor":22},{"not_picked":["Creative AI","Gash"],"picked":"Fission","floor":27},{"not_picked":["Compile Driver","Sweeping Beam","Turbo"],"picked":"SKIP","floor":29},{"not_picked":["Reprogram","Beam Cell","Rip and Tear"],"picked":"SKIP","floor":30},{"not_picked":["Steam","Rebound"],"picked":"Coolheaded+1","floor":31}],"player_experience":492110,"relics_obtained":[{"floor":9,"key":"Anchor"},{"floor":26,"key":"Blood Vial"},{"floor":27,"key":"Bag of Preparation"}],"event_choices":[{"damage_healed":0,"gold_gain":0,"player_choice":"Success","damage_taken":18,"relics_obtained":["Lantern"],"max_hp_gain":0,"max_hp_loss":0,"event_name":"Scrap Ooze","floor":2,"gold_loss":0},{"cards_removed":["Strike_B"],"damage_healed":0,"gold_gain":0,"player_choice":"Card Removal","damage_taken":7,"max_hp_gain":0,"max_hp_loss":0,"event_name":"Golden Wing","floor":4,"gold_loss":0},{"damage_healed":0,"gold_gain":0,"player_choice":"Lose Max HP","damage_taken":0,"relics_obtained":["Golden Idol"],"max_hp_gain":0,"max_hp_loss":7,"event_name":"Golden Idol","floor":14,"gold_loss":0},{"damage_healed":0,"gold_gain":0,"player_choice":"Read","damage_taken":0,"max_hp_gain":0,"max_hp_loss":0,"event_name":"The Library","floor":19,"gold_loss":0,"cards_obtained":["Defragment"]},{"damage_healed":0,"gold_gain":50,"player_choice":"Stole From Cult","damage_taken":0,"max_hp_gain":0,"max_hp_loss":0,"event_name":"Nest","floor":20,"gold_loss":0},{"cards_removed":["Defend_B"],"damage_healed":0,"gold_gain":0,"player_choice":"Gave Gold","damage_taken":0,"max_hp_gain":0,"max_hp_loss":0,"event_name":"Beggar","floor":21,"gold_loss":75},{"cards_removed":["Strike_B"],"damage_healed":0,"gold_gain":0,"player_choice":"Purged","damage_taken":0,"max_hp_gain":0,"max_hp_loss":0,"event_name":"Purifier","floor":25,"gold_loss":0}],"is_beta":false,"boss_relics":[{"not_picked":["Runic Dome","Empty Cage"],"picked":"Philosopher\u0027s Stone"}],"items_purged_floors":[7],"is_endless":false,"potions_floor_spawned":[1,3,5,12,18,29,31],"killed_by":"Champ","ascension_level":16}