{"gold_per_floor":[112,112,112,59,78,78,108,127,127,144,164,164,174,206,206,283,283,302,322,357,372,422,422,436,436,436,450,479,248,248,268,268,339,339,356,356,383,32,52,274,274,284,284,294,294,319,319,23,23,23],"floor_reached":51,"playtime":2282,"items_purged":["Clumsy","Shame","Parasite"],"score":1289,"play_id":"c8299f98-9efb-4064-ba0f-a5c7d8c60a80","local_time":"20230910212600","is_ascension_mode":true,"campfire_choices":[{"data":"Self Repair","floor":6,"key":"SMITH"},{"data":"Consume","floor":12,"key":"SMITH"},{"data":"Dualcast","floor":15,"key":"SMITH"},{"data":"Reinforced Body","floor":23,"key":"SMITH"},{"floor":30,"key":"REST"},{"floor":32,"key":"REST"},{"data":"Seek","floor":41,"key":"SMITH"},{"data":"Static Discharge","floor":45,"key":"SMITH"},{"data":"Amplify","floor":47,"key":"SMITH"},{"data":"Electrodynamics","floor":49,"key":"SMITH"}],"neow_cost":"NONE","seed_source_timestamp":73095630427300,"circlet_count":0,"master_deck":["AscendersBane","Strike_B","Strike_B","Strike_B","Defend_B","Defend_B","Defend_B","Defend_B","Zap+1","Dualcast+1","Undo","Self Repair+1","Sweeping Beam","Consume+1","Capacitor","Reinforced Body+1","Cold Snap","FTL","Electrodynamics+1","Tempest","Seek+1","Glacier","Capacitor","Ball Lightning","Amplify+1","Chill+1","Static Discharge+1","Coolheaded+1"],"relics":["Cracked Core","NeowsBlessing","Bird Faced Urn","Mercury Hourglass","Dream Catcher","Cursed Key","Red Mask","Pen Nib","MawBank","OrangePellets","Runic Pyramid","Nunchaku","Runic Capacitor","Ancient Tea Set","Ice Cream","Cauldron"],"potions_floor_usage":[16,24,33,50],"damage_taken":[{"damage":0,"enemies":"2 Louse","floor":1,"turns":1},{"damage":0,"enemies":"Jaw Worm","floor":5,"turns":1},{"damage":0,"enemies":"3 Sentries","floor":7,"turns":2},{"damage":1,"enemies":"Cultist","floor":8,"turns":3},{"damage":4,"enemies":"Exordium Wildlife","floor":10,"turns":4},{"damage":6,"enemies":"Looter","floor":11,"turns":3},{"damage":10,"enemies":"Large Slime","floor":13,"turns":6},{"damage":35,"enemies":"Lagavulin","floor":14,"turns":7},{"damage":14,"enemies":"Hexaghost","floor":16,"turns":12},{"damage":23,"enemies":"2 Thieves","floor":18,"turns":3},{"damage":19,"enemies":"Shell Parasite","floor":19,"turns":5},{"damage":12,"enemies":"Masked Bandits","floor":20,"turns":2},{"damage":23,"enemies":"Sentry and Sphere","floor":21,"turns":6},{"damage":0,"enemies":"Snecko","floor":24,"turns":3},{"damage":13,"enemies":"Snake Plant","floor":27,"turns":4},{"damage":45,"enemies":"Slavers","floor":28,"turns":4},{"damage":8,"enemies":"Centurion and Healer","floor":31,"turns":6},{"damage":3,"enemies":"Champ","floor":33,"turns":13},{"damage":9,"enemies":"3 Shapes","floor":35,"turns":4},{"damage":19,"enemies":"3 Darklings","floor":39,"turns":5},{"damage":29,"enemies":"Transient","floor":42,"turns":6},{"damage":14,"enemies":"Maw","floor":44,"turns":7},{"damage":0,"enemies":"Mind Bloom Boss Battle","floor":46,"turns":4},{"damage":24,"enemies":"Donu and Deca","floor":50,"turns":4}],"seed_played":"5852484117403388382","potions_obtained":[{"floor":7,"key":"Dexterity Potion"},{"floor":19,"key":"Strength Potion"},{"floor":21,"key":"DistilledChaos"},{"floor":28,"key":"AttackPotion"},{"floor":31,"key":"DistilledChaos"},{"floor":35,"key":"Swift Potion"},{"floor":44,"key":"DuplicationPotion"}],"is_trial":false,"path_per_floor":["M","?","?","$","M","R","E","M","T","M","M","R","M","E","R","B",null,"M","M","?","M","?","R","M","?","T","M","E","$","R","M","R","B",null,"M","?","T","$","M","?","R","M","T","M","R","?","R","$","R","B",null],"character_chosen":"DEFECT","items_purchased":["FocusPotion","OrangePellets","Runic Capacitor","Static Discharge","Cauldron"],"campfire_rested":2,"item_purchase_floors":[4,29,38,38,48],"current_hp_per_floor":[64,57,57,57,57,57,67,71,71,71,71,71,71,48,48,48,65,56,51,41,34,34,34,50,50,50,51,22,22,43,39,60,71,71,71,71,71,71,67,67,67,54,54,62,62,71,71,68,68,48],"gold":23,"neow_bonus":"THREE_ENEMY_KILL","is_prod":false,"is_daily":false,"chose_seed":false,"campfire_upgraded":8,"win_rate":0,"timestamp":1694406360,"path_taken":["M","?","?","$","M","R","E","M","T","?","M","R","M","E","R","BOSS","M","M","?","M","?","R","M","?","T","?","E","$","R","M","R","BOSS","M","?","?","$","M","?","R","M","T","M","R","?","R","$","R","BOSS"],"build_version":"2022-12-18","purchased_purges":3,"victory":true,"max_hp_per_floor":[71,71,71,71,71,71,71,71,71,71,71,71,71,71,71,71,71,71,71,71,71,71,71,71,71,71,71,71,71,71,71,71,71,71,71,71,71,71,71,71,71,71,71,71,71,71,71,68,68,68],"card_choices":[{"not_picked":["Turbo","Stack"],"picked":"Undo","floor":1},{"not_picked":["Skim","Redo"],"picked":"Self Repair","floor":5},{"not_picked":["Skim","Multi-Cast"],"picked":"Sweeping Beam","floor":7},{"not_picked":["Leap","Beam Cell"],"picked":"Consume","floor":8},{"not_picked":["Conserve Battery","Leap"],"picked":"Capacitor","floor":10},{"not_picked":["Leap","Sweeping Beam"],"picked":"Reinforced Body","floor":11},{"not_picked":["Reprogram","Go for the Eyes"],"picked":"Cold Snap","floor":13},{"not_picked":["Beam Cell","Hologram"],"picked":"FTL","floor":14},{"not_picked":["Thunder Strike","Seek"],"picked":"Electrodynamics","floor":16},{"not_picked":["Gash","Barrage+1","Stack"],"picked":"SKIP","floor":18},{"not_picked":["Redo+1","Recycle"],"picked":"Tempest","floor":19},{"not_picked":["Sunder","Rebound+1","Melter"],"picked":"SKIP","floor":21},{"not_picked":["Chaos+1","Gash"],"picked":"Seek","floor":24},{"not_picked":["Rebound","Force Field","Loop"],"picked":"SKIP","floor":27},{"not_picked":["Ball Lightning","Go for the Eyes"],"picked":"Capacitor","floor":28},{"not_picked":["Gash","Conserve Battery"],"picked":"Ball Lightning","floor":30},{"not_picked":["Gash+1","Auto Shields","Force Field"],"picked":"SKIP","floor":31},{"not_picked":["Core Surge","Electrodynamics"],"picked":"Amplify","floor":33},{"not_picked":["Melter","Force Field+1"],"picked":"Chill+1","floor":35},{"not_picked":["Capacitor","Beam Cell+1","Force Field"],"picked":"SKIP","floor":39},{"not_picked":["Cold Snap","Sunder+1"],"picked":"Coolheaded+1","floor":42},{"not_picked":["Redo","Compile Driver","Stack"],"picked":"SKIP","floor":44}],"player_experience":545716,"relics_obtained":[{"floor":7,"key":"Bird Faced Urn"},{"floor":9,"key":"Mercury Hourglass"},{"floor":14,"key":"Dream Catcher"},{"floor":20,"key":"Red Mask"},{"floor":26,"key":"Pen Nib"},{"floor":28,"key":"MawBank"},{"floor":37,"key":"Nunchaku"},{"floor":43,"key":"Ancient Tea Set"},{"floor":46,"key":"Ice Cream"}],"event_choices":[{"cards_removed":["Strike_B"],"damage_healed":0,"gold_gain":0,"player_choice":"Card Removal","damage_taken":7,"max_hp_gain":0,"max_hp_loss":0,"event_name":"Golden Wing","floor":2,"gold_loss":0},{"damage_healed":0,"gold_gain":0,"player_choice":"Forge","damage_taken":0,"max_hp_gain":0,"max_hp_loss":0,"event_name":"Accursed Blacksmith","floor":3,"gold_loss":0,"cards_upgraded":["Zap"]},{"damage_healed":0,"gold_gain":0,"player_choice":"Fought Bandits","damage_taken":0,"max_hp_gain":0,"max_hp_loss":0,"event_name":"Masked Bandits","floor":20,"gold_loss":0},{"damage_healed":0,"gold_gain":50,"player_choice":"Stole From Cult","damage_taken":0,"max_hp_gain":0,"max_hp_loss":0,"event_name":"Nest","floor":22,"gold_loss":0},{"damage_healed":0,"gold_gain":0,"player_choice":"Read","damage_taken":0,"max_hp_gain":0,"max_hp_loss":0,"event_name":"The Library","floor":25,"gold_loss":0,"cards_obtained":["Glacier"]},{"damage_healed":0,"gold_gain":0,"player_choice":"Ignored","damage_taken":0,"max_hp_gain":0,"max_hp_loss":0,"event_name":"Mysterious Sphere","floor":36,"gold_loss":0},{"damage_healed":0,"gold_gain":222,"player_choice":"Wore Mask","damage_taken":0,"max_hp_gain":0,"max_hp_loss":0,"event_name":"Tomb of Lord Red Mask","floor":40,"gold_loss":0},{"damage_healed":0,"gold_gain":0,"player_choice":"Fight","damage_taken":0,"max_hp_gain":0,"max_hp_loss":0,"event_name":"MindBloom","floor":46,"gold_loss":0}],"is_beta":false,"boss_relics":[{"not_picked":["Ectoplasm","Busted Crown"],"picked":"Cursed Key"},{"not_picked":["Tiny House","Black Star"],"picked":"Runic Pyramid"}],"items_purged_floors":[29,38,48],"is_endless":false,"potions_floor_spawned":[7,8,10,11,14,19,21,28,31,35,44],"ascension_level":18}