{"gold_per_floor":[111,36,36,36,60,60,60,60,60,105,138,168,168,192,192,192],"floor_reached":16,"playtime":484,"items_purged":["Strike_B"],"score":180,"play_id":"8f6e3fab-df2c-48d2-87f2-443edc476f0d","local_time":"20230906190255","is_ascension_mode":true,"campfire_choices":[{"data":"Zap","floor":6,"key":"SMITH"},{"data":"Strike_B","floor":8,"key":"SMITH"},{"floor":15,"key":"REST"}],"neow_cost":"PERCENT_DAMAGE","seed_source_timestamp":2483002864693000,"circlet_count":0,"master_deck":["AscendersBane","Strike_B","Strike_B","Strike_B+1","Defend_B","Defend_B","Defend_B","Defend_B","Zap+1","Dualcast+1","Master of Strategy","BootSequence","Streamline","Defragment+1","Leap","Steam"],"relics":["Cracked Core","CeramicFish","Golden Idol","StrikeDummy","Pear"],"potions_floor_usage":[10,16,16],"damage_taken":[{"damage":2,"enemies":"Small Slimes","floor":1,"turns":4},{"damage":2,"enemies":"Jaw Worm","floor":5,"turns":3},{"damage":10,"enemies":"3 Sentries","floor":10,"turns":6},{"damage":0,"enemies":"2 Louse","floor":11,"turns":1},{"damage":4,"enemies":"Lots of Slimes","floor":12,"turns":4},{"damage":0,"enemies":"2 Fungi Beasts","floor":14,"turns":3},{"damage":42,"enemies":"Slime Boss","floor":16,"turns":11}],"seed_played":"8782028934997399080","potions_obtained":[{"floor":5,"key":"Swift Potion"},{"floor":12,"key":"ColorlessPotion"},{"floor":14,"key":"Block Potion"}],"is_trial":false,"path_per_floor":["M","$","?","?","M","R","?","R","T","E","M","M","?","M","R","B"],"character_chosen":"DEFECT","items_purchased":[],"campfire_rested":1,"item_purchase_floors":[],"current_hp_per_floor":[44,44,18,18,16,16,16,16,16,16,16,12,12,12,34,0],"gold":192,"neow_bonus":"RANDOM_COLORLESS_2","is_prod":false,"is_daily":false,"chose_seed":false,"campfire_upgraded":2,"win_rate":0,"timestamp":1694052175,"path_taken":["M","$","?","?","M","R","?","R","T","E","?","M","?","M","R","BOSS"],"build_version":"2022-12-18","purchased_purges":1,"victory":false,"max_hp_per_floor":[71,71,71,64,64,64,64,64,64,74,74,74,74,74,74,74],"card_choices":[{"not_picked":["Magnetism","Violence"],"picked":"Master of Strategy","floor":0},{"not_picked":["Stack","Undo"],"picked":"BootSequence","floor":1},{"not_picked":["Melter","Hologram","Conserve Battery"],"picked":"SKIP","floor":5},{"not_picked":["Conserve Battery","Aggregate"],"picked":"Streamline","floor":10},{"not_picked":["Compile Driver","Leap"],"picked":"Defragment","floor":11},{"not_picked":["Turbo","Genetic Algorithm"],"picked":"Leap","floor":12},{"not_picked":["Hello World","Go for the Eyes"],"picked":"Steam","floor":14}],"player_experience":488896,"relics_obtained":[{"floor":9,"key":"StrikeDummy"},{"floor":10,"key":"Pear"}],"event_choices":[{"damage_healed":0,"gold_gain":0,"player_choice":"Success","damage_taken":26,"relics_obtained":["CeramicFish"],"max_hp_gain":0,"max_hp_loss":0,"event_name":"Scrap Ooze","floor":3,"gold_loss":0},{"damage_healed":0,"gold_gain":0,"player_choice":"Lose Max HP","damage_taken":0,"relics_obtained":["Golden Idol"],"max_hp_gain":0,"max_hp_loss":7,"event_name":"Golden Idol","floor":4,"gold_loss":0},{"damage_healed":0,"gold_gain":0,"player_choice":"Forge","damage_taken":0,"max_hp_gain":0,"max_hp_loss":0,"event_name":"Accursed Blacksmith","floor":7,"gold_loss":0,"cards_upgraded":["Dualcast"]},{"damage_healed":0,"gold_gain":0,"player_choice":"Grow","damage_taken":0,"max_hp_gain":0,"max_hp_loss":0,"event_name":"Living Wall","floor":13,"gold_loss":0,"cards_upgraded":["Defragment"]}],"is_beta":false,"boss_relics":[],"items_purged_floors":[2],"is_endless":false,"potions_floor_spawned":[5,12,14],"killed_by":"Slime Boss","ascension_level":16}