{"gold_per_floor":[17,33,33,33,44,44,60,92,92,92,92,109,144,156,156,257,257,267,267,267,6,25,25,41,58,58,8,24,24,58,71,71,173,173,190,190,205,205,221,251,251,264,264,284,81,81,113,0,0,0,0,0,0,33,33],"floor_reached":56,"playtime":2688,"items_purged":["Defend_B"],"score":1547,"play_id":"d207ad82-4429-47e0-a5dc-9072e5f93fcc","local_time":"20230920184647","is_ascension_mode":true,"campfire_choices":[{"data":"Zap","floor":6.0,"key":"SMITH"},{"data":"Defragment","floor":11.0,"key":"SMITH"},{"data":"Dualcast","floor":15.0,"key":"SMITH"},{"data":"Seek","floor":23.0,"key":"SMITH"},{"data":"Aggregate","floor":29.0,"key":"SMITH"},{"data":"Static Discharge","floor":32.0,"key":"SMITH"},{"data":"Defragment","floor":41.0,"key":"SMITH"},{"floor":46.0,"key":"RECALL"},{"data":"Echo Form","floor":49.0,"key":"SMITH"},{"data":"Coolheaded","floor":52.0,"key":"SMITH"}],"neow_cost":"NO_GOLD","seed_source_timestamp":0,"circlet_count":0,"master_deck":["Defend_B","Defend_B","Zap+1","Dualcast+1","Defragment+1","Cold Snap","Coolheaded+1","Barrage","Electrodynamics","Undo","Compile Driver","Seek+1","Cold Snap","Aggregate+1","Echo Form+1","Ball Lightning","Hologram+1","Steam Power+1","Hologram+1","Skim+1","Static Discharge+1","Fission+1","Coolheaded+1","Consume+1","Defragment+1","Coolheaded+1","Glacier+1"],"special_seed":0,"relics":["FrozenCore","TungstenRod","White Beast Statue","Eternal Feather","Toxic Egg 2","Smiling Mask","MealTicket","Coffee Dripper","Cables","Runic Capacitor","Ice Cream","Red Mask","Mummified Hand"],"potions_floor_usage":[55],"damage_taken":[{"damage":1.0,"enemies":"Cultist","floor":1.0,"turns":4.0},{"damage":7.0,"enemies":"Small Slimes","floor":2.0,"turns":3.0},{"damage":0.0,"enemies":"2 Louse","floor":5.0,"turns":3.0},{"damage":12.0,"enemies":"Large Slime","floor":7.0,"turns":7.0},{"damage":31.0,"enemies":"3 Sentries","floor":8.0,"turns":9.0},{"damage":5.0,"enemies":"Looter","floor":12.0,"turns":3.0},{"damage":15.0,"enemies":"Lagavulin","floor":13.0,"turns":6.0},{"damage":10.0,"enemies":"Exordium Thugs","floor":14.0,"turns":3.0},{"damage":2.0,"enemies":"Slime Boss","floor":16.0,"turns":8.0},{"damage":22.0,"enemies":"2 Thieves","floor":18.0,"turns":3.0},{"damage":0.0,"enemies":"Chosen","floor":22.0,"turns":5.0},{"damage":2.0,"enemies":"Snecko","floor":24.0,"turns":4.0},{"damage":0.0,"enemies":"Cultist and Chosen","floor":25.0,"turns":3.0},{"damage":5.0,"enemies":"3 Cultists","floor":28.0,"turns":4.0},{"damage":15.0,"enemies":"Slavers","floor":30.0,"turns":2.0},{"damage":0.0,"enemies":"Chosen and Byrds","floor":31.0,"turns":4.0},{"damage":26.0,"enemies":"Automaton","floor":33.0,"turns":9.0},{"damage":0.0,"enemies":"3 Darklings","floor":35.0,"turns":1.0},{"damage":0.0,"enemies":"Orb Walker","floor":37.0,"turns":3.0},{"damage":0.0,"enemies":"Spire Growth","floor":39.0,"turns":5.0},{"damage":17.0,"enemies":"Giant Head","floor":40.0,"turns":8.0},{"damage":10.0,"enemies":"Jaw Worm Horde","floor":42.0,"turns":2.0},{"damage":18.0,"enemies":"3 Darklings","floor":44.0,"turns":2.0},{"damage":0.0,"enemies":"Reptomancer","floor":47.0,"turns":4.0},{"damage":0.0,"enemies":"Time Eater","floor":50.0,"turns":10.0},{"damage":0.0,"enemies":"Shield and Spear","floor":54.0,"turns":5.0},{"damage":31,"enemies":"The Heart","floor":55,"turns":9}],"seed_played":"8734721697293443431","potions_obtained":[{"floor":1.0,"key":"Fruit Juice"},{"floor":7.0,"key":"Regen Potion"},{"floor":12.0,"key":"AttackPotion"},{"floor":13.0,"key":"LiquidBronze"},{"floor":14.0,"key":"Fruit Juice"},{"floor":16.0,"key":"Ancient Potion"},{"floor":18.0,"key":"DistilledChaos"},{"floor":30.0,"key":"Energy Potion"},{"floor":33.0,"key":"ColorlessPotion"},{"floor":40.0,"key":"Block Potion"}],"is_trial":false,"path_per_floor":["M","M","$","$","M","R","M","E","T","?","R","M","E","M","R","B",null,"M","?","?","$","M","R","M","M","T","?","M","R","E","M","R","B",null,"M","?","M","?","M","E","R","M","T","M","$","R","E","?","R","B",null,"R","$","E","B",null],"character_chosen":"DEFECT","items_purchased":["Toxic Egg 2","Runic Capacitor"],"campfire_rested":0,"item_purchase_floors":[21,45],"current_hp_per_floor":[79,72,72,72,72,72,60,29,29,29,29,33,18,13,22,20,85,63,63,63,63,63,72,70,70,70,70,65,77,62,62,74,48,85,85,85,85,85,85,68,83,73,73,55,70,85,85,85,85,85,85,85,85,85,54],"gold":33,"neow_bonus":"REMOVE_TWO","is_prod":false,"is_daily":false,"chose_seed":false,"campfire_upgraded":9,"win_rate":0,"timestamp":1695260807,"path_taken":["M","M","?","$","M","R","M","E","T","?","R","M","E","M","R","BOSS","M","?","?","$","M","R","M","M","T","?","M","R","E","?","R","BOSS","M","?","M","?","?","E","R","M","T","M","$","R","E","?","R","BOSS","R","$","E","BOSS"],"build_version":"2022-12-18","purchased_purges":1,"victory":true,"max_hp_per_floor":[80,80,80,80,80,80,80,80,80,80,80,80,80,85,85,85,85,85,85,85,85,85,85,85,85,85,85,85,85,85,85,85,85,85,85,85,85,85,85,85,85,85,85,85,85,85,85,85,85,85,85,85,85,85,85],"card_choices":[{"not_picked":["Rebound","Steam"],"picked":"Defragment","floor":1.0},{"not_picked":["Rebound","Turbo"],"picked":"Cold Snap","floor":2.0},{"not_picked":["BootSequence","Steam Power"],"picked":"Coolheaded","floor":5.0},{"not_picked":["Force Field","Gash"],"picked":"Barrage","floor":7.0},{"not_picked":["Sweeping Beam","Coolheaded"],"picked":"Electrodynamics","floor":8.0},{"not_picked":["Compile Driver","Streamline"],"picked":"Undo","floor":12.0},{"not_picked":["Melter","Gash"],"picked":"Compile Driver","floor":13.0},{"not_picked":["Rebound","Go for the Eyes"],"picked":"Compile Driver","floor":14.0},{"not_picked":["Hyperbeam","Rainbow"],"picked":"Seek","floor":16.0},{"not_picked":["Go for the Eyes","Redo"],"picked":"Cold Snap","floor":18.0},{"not_picked":["Turbo+1","Rip and Tear","Gash"],"picked":"SKIP","floor":22.0},{"not_picked":["Barrage+1","Tempest+1"],"picked":"Hologram+1","floor":24.0},{"not_picked":["Rebound+1","Melter"],"picked":"Steam Power+1","floor":25.0},{"not_picked":["Redo+1","Sweeping Beam"],"picked":"Hologram+1","floor":28.0},{"not_picked":["Meteor Strike","Hologram+1"],"picked":"Skim+1","floor":30.0},{"not_picked":["Redo+1","Compile Driver"],"picked":"Static Discharge","floor":31.0},{"not_picked":["Machine Learning","All For One"],"picked":"Fission+1","floor":33.0},{"not_picked":["Rebound","Leap+1"],"picked":"Coolheaded+1","floor":35.0},{"not_picked":["Go for the Eyes","Double Energy+1"],"picked":"Consume+1","floor":37.0},{"not_picked":["Hologram+1","Sweeping Beam+1","Static Discharge"],"picked":"SKIP","floor":39.0},{"not_picked":["Hyperbeam","Static Discharge"],"picked":"Defragment","floor":40.0},{"not_picked":["Steam+1","Blizzard+1","Cold Snap+1"],"picked":"SKIP","floor":42.0},{"not_picked":["Steam+1","Turbo+1"],"picked":"Coolheaded+1","floor":44.0},{"not_picked":["Scrape+1","Rip and Tear"],"picked":"Glacier+1","floor":47.0},{"not_picked":["Redo+1","Sweeping Beam","Barrage"],"picked":"SKIP","floor":54.0}],"player_experience":678785,"relics_obtained":[{"floor":8.0,"key":"TungstenRod"},{"floor":9.0,"key":"White Beast Statue"},{"floor":13.0,"key":"Eternal Feather"},{"floor":26.0,"key":"Smiling Mask"},{"floor":30.0,"key":"MealTicket"},{"floor":40.0,"key":"Cables"},{"floor":47.0,"key":"Ice Cream"},{"floor":54.0,"key":"Mummified Hand"}],"event_choices":[{"damage_healed":0.0,"max_hp_gain":0.0,"max_hp_loss":0.0,"gold_gain":0.0,"event_name":"Liars Game","player_choice":"Ignored","floor":10.0,"gold_loss":0.0,"damage_taken":0.0},{"damage_healed":0.0,"max_hp_gain":0.0,"max_hp_loss":0.0,"gold_gain":0.0,"event_name":"The Library","player_choice":"Read","floor":19.0,"gold_loss":0.0,"damage_taken":0.0,"cards_obtained":["Aggregate"]},{"damage_healed":0.0,"max_hp_gain":0.0,"max_hp_loss":0.0,"gold_gain":0.0,"cards_transformed":["Strike_B","Strike_B"],"event_name":"Drug Dealer","player_choice":"Became Test Subject","floor":20.0,"gold_loss":0.0,"damage_taken":0.0,"cards_obtained":["Echo Form","Ball Lightning"]},{"damage_healed":0.0,"max_hp_gain":0.0,"max_hp_loss":0.0,"gold_gain":0.0,"event_name":"The Joust","player_choice":"Bet on Murderer","floor":27.0,"gold_loss":50.0,"damage_taken":0.0},{"cards_removed":["Compile Driver"],"damage_healed":0.0,"max_hp_gain":0.0,"max_hp_loss":0.0,"gold_gain":0.0,"event_name":"Falling","player_choice":"Removed Attack","floor":36.0,"gold_loss":0.0,"damage_taken":0.0},{"cards_removed":["Strike_B"],"damage_healed":0.0,"max_hp_gain":0.0,"max_hp_loss":0.0,"gold_gain":0.0,"event_name":"Purifier","player_choice":"Purged","floor":38.0,"gold_loss":0.0,"damage_taken":0.0},{"damage_healed":0.0,"max_hp_gain":0.0,"max_hp_loss":0.0,"gold_gain":0.0,"event_name":"Tomb of Lord Red Mask","player_choice":"Paid","floor":48.0,"gold_loss":113.0,"damage_taken":0.0,"relics_obtained":["Red Mask"]}],"is_beta":false,"boss_relics":[{"not_picked":["SacredBark","Runic Pyramid"],"picked":"FrozenCore"},{"not_picked":["Pandora\u0027s Box","Snecko Eye"],"picked":"Coffee Dripper"}],"items_purged_floors":[45],"is_endless":false,"potions_floor_spawned":[1,7,12,13,14,16,18,22,24,25,28,30,31,33,35,37,39,40,42,44,47,54],"ascension_level":4}