{"gold_per_floor":[112,123,2,84,95,95,114,145,197,197,224,235,251,277,277,374,374,389,12,22,22,37,37,57,86,110,110,120,120,120,120,120,219,219,232,332,352,402,418,444,444,455,479,275,220,552,563,43,43,43,43,43,43,72,72],"floor_reached":56,"playtime":3160,"items_purged":["Strike_B","Strike_B","Strike_B","Strike_B"],"score":1954,"play_id":"28164226-44e1-4768-bf2a-bf87ede23ed7","local_time":"20230923065010","is_ascension_mode":true,"campfire_choices":[{"data":"Beam Cell","floor":6,"key":"SMITH"},{"data":"Zap","floor":10,"key":"SMITH"},{"data":"White Noise","floor":15,"key":"SMITH"},{"data":"Sweeping Beam","floor":23,"key":"SMITH"},{"data":"Conserve Battery","floor":27,"key":"SMITH"},{"data":"Hologram","floor":30,"key":"SMITH"},{"data":"Undo","floor":32,"key":"SMITH"},{"data":"Dualcast","floor":41,"key":"SMITH"},{"floor":49,"key":"RECALL"},{"data":"Electrodynamics","floor":52,"key":"SMITH"}],"neow_cost":"TEN_PERCENT_HP_LOSS","seed_source_timestamp":0,"circlet_count":0,"master_deck":["Defend_B","Defend_B","Defend_B","Defend_B","Zap+1","Dualcast+1","Beam Cell+1","Sweeping Beam+1","Conserve Battery+1","Self Repair","Hologram+1","Undo+1","Cold Snap","White Noise+1","Electrodynamics+1","Genetic Algorithm","Coolheaded+1","Aggregate+1","Ball Lightning+1","Hologram+1","Fission+1","Coolheaded+1","Seek+1","Darkness+1","Undo+1","Heatsinks+1","Turbo+1","Redo+1","Defragment+1","Recycle+1","Amplify+1","Aggregate+1","Defragment+1","Skim+1"],"special_seed":0,"relics":["FrozenCore","Emotion Chip","White Beast Statue","Ornamental Fan","Lantern","Pen Nib","Strawberry","Coffee Dripper","Toxic Egg 2","Frozen Egg 2","Prayer Wheel","MealTicket","Bag of Marbles","Molten Egg 2","Old Coin","Mummified Hand","Gremlin Horn"],"potions_floor_usage":[5,8,11,11,11,11,25,25,33,33,40,55,55,55],"damage_taken":[{"damage":1,"enemies":"Cultist","floor":1,"turns":3},{"damage":7,"enemies":"Jaw Worm","floor":2,"turns":2},{"damage":0,"enemies":"Small Slimes","floor":5,"turns":3},{"damage":1,"enemies":"2 Fungi Beasts","floor":7,"turns":3},{"damage":17,"enemies":"Gremlin Nob","floor":8,"turns":4},{"damage":12,"enemies":"Lagavulin","floor":11,"turns":4},{"damage":1,"enemies":"Red Slaver","floor":12,"turns":3},{"damage":4,"enemies":"3 Louse","floor":13,"turns":2},{"damage":6,"enemies":"3 Sentries","floor":14,"turns":7},{"damage":17,"enemies":"The Guardian","floor":16,"turns":12},{"damage":5,"enemies":"Shell Parasite","floor":18,"turns":4},{"damage":12,"enemies":"Spheric Guardian","floor":20,"turns":4},{"damage":3,"enemies":"Chosen and Byrds","floor":22,"turns":5},{"damage":18,"enemies":"Cultist and Chosen","floor":24,"turns":5},{"damage":0,"enemies":"Book of Stabbing","floor":25,"turns":4},{"damage":14,"enemies":"Snecko","floor":28,"turns":5},{"damage":41,"enemies":"Collector","floor":33,"turns":8},{"damage":0,"enemies":"3 Shapes","floor":35,"turns":4},{"damage":0,"enemies":"3 Darklings","floor":37,"turns":3},{"damage":0,"enemies":"Mind Bloom Boss Battle","floor":38,"turns":10},{"damage":6,"enemies":"Jaw Worm Horde","floor":39,"turns":3},{"damage":25,"enemies":"Reptomancer","floor":40,"turns":8},{"damage":7,"enemies":"4 Shapes","floor":42,"turns":5},{"damage":8,"enemies":"Giant Head","floor":46,"turns":9},{"damage":17,"enemies":"Writhing Mass","floor":47,"turns":5},{"damage":46,"enemies":"Awakened One","floor":50,"turns":12},{"damage":0,"enemies":"Shield and Spear","floor":54,"turns":5},{"damage":65,"enemies":"The Heart","floor":55,"turns":7}],"seed_played":"8023565045516359479","potions_obtained":[{"floor":1,"key":"LiquidBronze"},{"floor":5,"key":"Fruit Juice"},{"floor":7,"key":"FearPotion"},{"floor":8,"key":"EntropicBrew"},{"floor":11,"key":"PowerPotion"},{"floor":12,"key":"GamblersBrew"},{"floor":16,"key":"Ancient Potion"},{"floor":20,"key":"Dexterity Potion"},{"floor":22,"key":"PowerPotion"},{"floor":25,"key":"DistilledChaos"},{"floor":28,"key":"FairyPotion"},{"floor":33,"key":"Energy Potion"},{"floor":35,"key":"Swift Potion"},{"floor":38,"key":"PotionOfCapacity"},{"floor":40,"key":"PowerPotion"},{"floor":42,"key":"FocusPotion"},{"floor":46,"key":"PotionOfCapacity"}],"is_trial":false,"path_per_floor":["M","M","$","T","M","R","M","E","T","R","E","M","M","E","R","B",null,"M","$","M","?","M","R","M","E","T","R","M","?","R","$","R","B",null,"M","?","M","?","M","E","R","M","T","$","?","E","M","$","R","B",null,"R","$","E","B",null],"character_chosen":"DEFECT","items_purchased":["Conserve Battery","Toxic Egg 2","Coolheaded+1","Recycle+1","Defragment+1","Mummified Hand","Skim+1"],"campfire_rested":0,"item_purchase_floors":[3,19,19,44,48,48,48],"current_hp_per_floor":[67,60,60,60,65,65,71,61,61,61,56,62,58,66,66,56,74,76,76,71,71,75,75,64,71,71,71,64,64,64,64,64,30,68,75,75,80,80,80,62,62,62,62,77,77,76,73,80,80,41,70,70,80,80,22],"gold":72,"neow_bonus":"ONE_RARE_RELIC","is_prod":false,"is_daily":false,"chose_seed":false,"campfire_upgraded":9,"win_rate":0,"timestamp":1695477010,"path_taken":["M","M","$","?","M","R","M","E","T","R","E","M","M","E","R","BOSS","M","$","?","?","?","R","M","E","T","R","M","?","R","$","R","BOSS","M","?","?","?","M","E","R","M","T","$","?","E","?","$","R","BOSS","R","$","E","BOSS"],"build_version":"2022-12-18","purchased_purges":4,"victory":true,"max_hp_per_floor":[68,68,68,68,73,73,73,73,73,73,73,73,73,80,80,80,80,80,80,80,80,80,80,80,80,80,80,80,80,80,80,80,80,80,80,80,80,80,80,80,80,80,80,80,80,80,80,80,80,80,80,80,80,80,80],"card_choices":[{"not_picked":["Hologram","Reprogram"],"picked":"Beam Cell","floor":1},{"not_picked":["Storm","Steam"],"picked":"Sweeping Beam","floor":2},{"not_picked":["Cold Snap","Turbo"],"picked":"Self Repair","floor":5},{"not_picked":["Fusion","Beam Cell"],"picked":"Hologram","floor":7},{"not_picked":["Multi-Cast","Self Repair"],"picked":"Undo","floor":8},{"not_picked":["Beam Cell","Steam"],"picked":"Cold Snap","floor":11},{"not_picked":["Streamline","Turbo","Beam Cell"],"picked":"SKIP","floor":12},{"not_picked":["Stack","Sweeping Beam","Hologram"],"picked":"SKIP","floor":13},{"not_picked":["Sweeping Beam","Coolheaded"],"picked":"White Noise","floor":14},{"not_picked":["Meteor Strike","All For One"],"picked":"Electrodynamics","floor":16},{"not_picked":["Beam Cell","Barrage"],"picked":"Genetic Algorithm","floor":18},{"not_picked":["Rebound+1","Sweeping Beam"],"picked":"Aggregate+1","floor":20},{"not_picked":["Fusion+1","Stack+1"],"picked":"Ball Lightning+1","floor":22},{"not_picked":["Ball Lightning+1","Cold Snap+1"],"picked":"Hologram+1","floor":24},{"not_picked":["Blizzard+1","Beam Cell"],"picked":"Fission+1","floor":25},{"not_picked":["Beam Cell","Glacier+1"],"picked":"Coolheaded+1","floor":28},{"not_picked":["Reboot+1","Hyperbeam"],"picked":"Seek+1","floor":33},{"not_picked":["Go for the Eyes+1","Streamline+1"],"picked":"Darkness+1","floor":35},{"not_picked":["Streamline","Barrage+1","Beam Cell"],"picked":"SKIP","floor":37},{"not_picked":["Chill+1","Leap+1"],"picked":"Undo+1","floor":38},{"not_picked":["Darkness+1","Coolheaded+1"],"picked":"Heatsinks+1","floor":39},{"not_picked":["Compile Driver","Stack+1","Reprogram+1"],"picked":"SKIP","floor":39},{"not_picked":["Melter","Turbo+1","Ball Lightning+1"],"picked":"SKIP","floor":40},{"not_picked":["Melter","Ball Lightning+1"],"picked":"Turbo+1","floor":40},{"not_picked":["Genetic Algorithm+1","Leap+1"],"picked":"Redo+1","floor":42},{"not_picked":["Stack+1","Leap+1"],"picked":"Defragment+1","floor":42},{"not_picked":["Static Discharge+1","FTL+1"],"picked":"Amplify+1","floor":46},{"not_picked":["Beam Cell+1","Stack+1"],"picked":"Aggregate+1","floor":47},{"not_picked":["Leap+1","Sweeping Beam+1","Rip and Tear+1"],"picked":"SKIP","floor":47},{"not_picked":["Ball Lightning+1","Gash+1","Rip and Tear+1"],"picked":"SKIP","floor":54}],"player_experience":715406,"relics_obtained":[{"floor":4,"key":"White Beast Statue"},{"floor":8,"key":"Ornamental Fan"},{"floor":9,"key":"Lantern"},{"floor":11,"key":"Pen Nib"},{"floor":14,"key":"Strawberry"},{"floor":25,"key":"Frozen Egg 2"},{"floor":38,"key":"Prayer Wheel"},{"floor":40,"key":"MealTicket"},{"floor":43,"key":"Bag of Marbles"},{"floor":46,"key":"Old Coin"},{"floor":54,"key":"Gremlin Horn"}],"event_choices":[{"damage_healed":0,"gold_gain":0,"player_choice":"Ignored","damage_taken":0,"max_hp_gain":0,"max_hp_loss":0,"event_name":"N\u0027loth","floor":21,"gold_loss":0},{"damage_healed":0,"gold_gain":0,"player_choice":"Ignored","damage_taken":0,"max_hp_gain":0,"max_hp_loss":0,"event_name":"Vampires","floor":29,"gold_loss":0},{"damage_healed":0,"gold_gain":100,"player_choice":"Pray","damage_taken":0,"max_hp_gain":0,"max_hp_loss":0,"event_name":"Golden Shrine","floor":36,"gold_loss":0},{"damage_healed":0,"gold_gain":0,"player_choice":"Fight","damage_taken":0,"max_hp_gain":0,"max_hp_loss":0,"event_name":"MindBloom","floor":38,"gold_loss":0},{"damage_healed":0,"gold_gain":0,"player_choice":"Paid Gold","damage_taken":0,"relics_obtained":["Molten Egg 2"],"max_hp_gain":0,"max_hp_loss":0,"event_name":"WeMeetAgain","floor":45,"gold_loss":55}],"is_beta":false,"boss_relics":[{"not_picked":["Snecko Eye","Astrolabe"],"picked":"Coffee Dripper"},{"not_picked":["Black Star","Runic Pyramid"],"picked":"FrozenCore"}],"items_purged_floors":[3,19,44,48],"is_endless":false,"potions_floor_spawned":[1,5,7,8,11,12,13,14,16,18,20,22,24,25,28,33,35,37,38,39,40,42,46,47,54],"ascension_level":6}