{"gold_per_floor":[110,110,125,143,157,183,183,214,238,238,263,274,300,311,311,412,412,426,443,443,497,49,83,83,108,134,144,160,172,172,191,191,289,289,299,311,361,378,392,424,424,454,477,511,352,397,397,312,312,312,312,312,45,70,70],"floor_reached":56,"playtime":3887,"items_purged":["Strike_B","Strike_B+1","Defend_B","Defend_B"],"score":1696,"play_id":"4611c4e0-1401-4cc8-9b6e-e96a1ff15c2c","local_time":"20230921233222","is_ascension_mode":true,"campfire_choices":[{"data":"Dualcast","floor":7,"key":"SMITH"},{"data":"Consume","floor":10,"key":"SMITH"},{"data":"Defragment","floor":15,"key":"SMITH"},{"data":"Seek","floor":24,"key":"SMITH"},{"data":"Defragment","floor":30,"key":"SMITH"},{"data":"Double Energy","floor":32,"key":"SMITH"},{"data":"Aggregate","floor":41,"key":"SMITH"},{"floor":47,"key":"RECALL"},{"floor":49,"key":"REST"},{"data":"Capacitor","floor":52,"key":"SMITH"}],"neow_cost":"NONE","seed_source_timestamp":415932919617200,"circlet_count":0,"master_deck":["Defend_B+1","Defend_B","Zap+1","Dualcast+1","Cold Snap","Double Energy+1","Ball Lightning","Conserve Battery","Cold Snap+1","Coolheaded","Consume+1","Seek+1","BootSequence","Seek+1","Defragment+1","Electrodynamics","Skim+1","Glacier+1","Meteor Strike","Tempest","Core Surge","Defragment+1","Hologram+1","Reinforced Body","Echo Form","Aggregate+1","Skim+1","Double Energy","Hologram+1","Capacitor+1","Heatsinks"],"relics":["Cracked Core","Ornamental Fan","Bag of Preparation","Whetstone","Pen Nib","Gambling Chip","Nuclear Battery","Membership Card","War Paint","Emotion Chip","Turnip","Vajra","Blood Vial","Inserter","Girya","Toy Ornithopter","Smiling Mask","Happy Flower","InkBottle","Centennial Puzzle","CaptainsWheel","OrangePellets","Pear","Bottled Flame"],"potions_floor_usage":[8,55,55],"damage_taken":[{"damage":0,"enemies":"Small Slimes","floor":1,"turns":2},{"damage":1,"enemies":"Cultist","floor":3,"turns":3},{"damage":2,"enemies":"Jaw Worm","floor":4,"turns":3},{"damage":21,"enemies":"Gremlin Gang","floor":5,"turns":4},{"damage":26,"enemies":"Lagavulin","floor":6,"turns":6},{"damage":0,"enemies":"3 Sentries","floor":8,"turns":7},{"damage":6,"enemies":"Lagavulin","floor":11,"turns":4},{"damage":1,"enemies":"Exordium Thugs","floor":12,"turns":4},{"damage":5,"enemies":"3 Sentries","floor":13,"turns":7},{"damage":0,"enemies":"Looter","floor":14,"turns":1},{"damage":3,"enemies":"The Guardian","floor":16,"turns":11},{"damage":0,"enemies":"Shell Parasite","floor":18,"turns":5},{"damage":0,"enemies":"Spheric Guardian","floor":19,"turns":3},{"damage":0,"enemies":"Slavers","floor":23,"turns":3},{"damage":0,"enemies":"Gremlin Leader","floor":25,"turns":2},{"damage":0,"enemies":"Snake Plant","floor":27,"turns":2},{"damage":0,"enemies":"Snecko","floor":28,"turns":1},{"damage":12,"enemies":"Cultist and Chosen","floor":29,"turns":2},{"damage":0,"enemies":"Centurion and Healer","floor":31,"turns":2},{"damage":10,"enemies":"Automaton","floor":33,"turns":11},{"damage":0,"enemies":"3 Darklings","floor":35,"turns":1},{"damage":0,"enemies":"3 Shapes","floor":36,"turns":1},{"damage":0,"enemies":"Mind Bloom Boss Battle","floor":37,"turns":6},{"damage":0,"enemies":"Writhing Mass","floor":38,"turns":1},{"damage":0,"enemies":"Sphere and 2 Shapes","floor":39,"turns":1},{"damage":11,"enemies":"Reptomancer","floor":40,"turns":7},{"damage":15,"enemies":"Nemesis","floor":42,"turns":9},{"damage":30,"enemies":"Reptomancer","floor":44,"turns":5},{"damage":0,"enemies":"2 Orb Walkers","floor":46,"turns":3},{"damage":4,"enemies":"Awakened One","floor":50,"turns":12},{"damage":0,"enemies":"Shield and Spear","floor":54,"turns":1},{"damage":36,"enemies":"The Heart","floor":55,"turns":7}],"seed_played":"5574404074597725379","potions_obtained":[{"floor":3,"key":"Dexterity Potion"},{"floor":6,"key":"AttackPotion"},{"floor":8,"key":"Dexterity Potion"},{"floor":13,"key":"FocusPotion"},{"floor":31,"key":"PowerPotion"},{"floor":39,"key":"DuplicationPotion"}],"is_trial":false,"path_per_floor":["M","?","M","M","M","E","R","E","T","R","E","M","E","M","R","B",null,"M","M","?","T","$","E","R","E","T","M","M","M","R","M","R","B",null,"M","M","?","M","M","E","R","E","T","E","$","?","R","$","R","B",null,"R","$","E","B",null],"character_chosen":"DEFECT","items_purchased":["Membership Card","War Paint","Emotion Chip","DuplicationPotion","Double Energy","Centennial Puzzle","Capacitor","OrangePellets","Heatsinks","Pear"],"campfire_rested":1,"item_purchase_floors":[22,22,22,22,45,45,48,53,53,53],"current_hp_per_floor":[75,75,74,72,51,25,25,25,25,25,19,18,13,13,13,10,59,59,59,59,59,59,59,59,59,59,61,63,53,53,55,55,47,68,70,72,74,75,75,64,64,51,51,23,23,25,25,25,47,45,68,68,78,80,56],"gold":70,"neow_bonus":"UPGRADE_CARD","is_prod":false,"is_daily":false,"chose_seed":false,"campfire_upgraded":8,"win_rate":0,"timestamp":1695364342,"path_taken":["M","?","M","M","M","E","R","E","T","R","E","M","E","M","R","BOSS","M","?","?","?","$","E","R","E","T","M","M","M","R","M","R","BOSS","M","?","?","M","M","E","R","E","T","E","$","?","R","?","R","BOSS","R","$","E","BOSS"],"build_version":"2022-12-18","purchased_purges":4,"victory":true,"max_hp_per_floor":[75,75,75,75,75,75,75,75,75,75,75,75,75,75,75,75,75,75,75,75,75,75,75,75,75,75,75,75,75,75,75,75,75,75,75,75,75,75,75,75,75,75,75,75,75,75,75,75,75,75,75,75,85,85,85],"card_choices":[{"not_picked":["Static Discharge","Coolheaded"],"picked":"Cold Snap","floor":1},{"not_picked":["Compile Driver","Reinforced Body"],"picked":"Ball Lightning","floor":3},{"not_picked":["Hyperbeam","Barrage"],"picked":"Conserve Battery","floor":4},{"not_picked":["Blizzard","Compile Driver"],"picked":"Cold Snap","floor":5},{"not_picked":["Gash","Steam"],"picked":"Coolheaded","floor":6},{"not_picked":["Coolheaded","Barrage"],"picked":"Consume","floor":8},{"not_picked":["Go for the Eyes","Aggregate"],"picked":"Seek","floor":11},{"not_picked":["Hologram","Beam Cell"],"picked":"BootSequence","floor":12},{"not_picked":["Fusion","Rebound"],"picked":"Seek","floor":13},{"not_picked":["Darkness","Cold Snap"],"picked":"Defragment","floor":14},{"not_picked":["Core Surge","Reboot"],"picked":"Electrodynamics","floor":16},{"not_picked":["Double Energy","Gash"],"picked":"Skim+1","floor":18},{"not_picked":["Doom and Gloom","Gash"],"picked":"Glacier+1","floor":19},{"not_picked":["Genetic Algorithm","Rip and Tear+1"],"picked":"Core Surge","floor":23},{"not_picked":["Rebound+1","Doom and Gloom","Leap+1"],"picked":"SKIP","floor":25},{"not_picked":["Turbo","Barrage+1"],"picked":"Defragment","floor":27},{"not_picked":["Compile Driver","Cold Snap","Hologram"],"picked":"SKIP","floor":28},{"not_picked":["Cold Snap","Machine Learning"],"picked":"Hologram+1","floor":29},{"not_picked":["Scrape","Leap+1"],"picked":"Reinforced Body","floor":31},{"not_picked":["Seek","Electrodynamics"],"picked":"Echo Form","floor":33},{"not_picked":["Darkness+1","Sweeping Beam"],"picked":"Aggregate","floor":35},{"not_picked":["Reprogram+1","Cold Snap+1","Hologram"],"picked":"SKIP","floor":36},{"not_picked":["Compile Driver+1","Beam Cell+1","Fusion+1"],"picked":"SKIP","floor":38},{"not_picked":["Blizzard+1","Cold Snap+1","Streamline"],"picked":"SKIP","floor":39},{"not_picked":["Consume","Redo","Compile Driver"],"picked":"SKIP","floor":40},{"not_picked":["Blizzard","Rebound"],"picked":"Skim+1","floor":42},{"not_picked":["Stack+1","Self Repair","Tempest+1"],"picked":"SKIP","floor":44},{"not_picked":["Compile Driver+1","Ball Lightning+1"],"picked":"Hologram+1","floor":46},{"not_picked":["Go for the Eyes+1","Beam Cell","All For One"],"picked":"SKIP","floor":54}],"player_experience":695965,"relics_obtained":[{"floor":6,"key":"Ornamental Fan"},{"floor":8,"key":"Bag of Preparation"},{"floor":9,"key":"Whetstone"},{"floor":11,"key":"Pen Nib"},{"floor":13,"key":"Gambling Chip"},{"floor":23,"key":"Turnip"},{"floor":25,"key":"Vajra"},{"floor":26,"key":"Blood Vial"},{"floor":37,"key":"Girya"},{"floor":40,"key":"Toy Ornithopter"},{"floor":42,"key":"Smiling Mask"},{"floor":43,"key":"Happy Flower"},{"floor":44,"key":"InkBottle"},{"floor":46,"key":"CaptainsWheel"},{"floor":54,"key":"Bottled Flame"}],"event_choices":[{"damage_healed":0,"gold_gain":0,"player_choice":"1 cards matched","damage_taken":0,"max_hp_gain":0,"max_hp_loss":0,"event_name":"Match and Keep!","floor":2,"gold_loss":0,"cards_obtained":["Double Energy"]},{"damage_healed":0,"gold_gain":0,"cards_transformed":["Strike_B","Strike_B"],"player_choice":"Became Test Subject","damage_taken":0,"max_hp_gain":0,"max_hp_loss":0,"event_name":"Drug Dealer","floor":20,"gold_loss":0,"cards_obtained":["Meteor Strike","Tempest"]},{"damage_healed":0,"gold_gain":0,"player_choice":"Fight","damage_taken":0,"max_hp_gain":0,"max_hp_loss":0,"event_name":"MindBloom","floor":37,"gold_loss":0},{"damage_healed":0,"gold_gain":0,"player_choice":"Fight","damage_taken":0,"max_hp_gain":0,"max_hp_loss":0,"event_name":"Mysterious Sphere","floor":46,"gold_loss":0}],"is_beta":false,"boss_relics":[{"not_picked":["Black Star","Empty Cage"],"picked":"Nuclear Battery"},{"not_picked":["FrozenCore","Sozu"],"picked":"Inserter"}],"items_purged_floors":[22,45,48,53],"is_endless":false,"potions_floor_spawned":[3,6,8,13,14,18,23,28,31,38,39,42,46],"ascension_level":5}