{"gold_per_floor":[117,192,208,226,239,239,15,34,58,75,11,11,42,56,56,157,157,172,186,60,60,60,86,86,111,111,143,159,159,159,84,84,181,181,199,102,117,117,137,137,168,168,168,178,178,196,196,231,231,231,231,231,8,40,40],"floor_reached":56,"playtime":3530,"items_purged":["Strike_B","Strike_B","Strike_B","Defend_B"],"score":1387,"play_id":"ed92c4eb-e454-4b0f-94d1-25f012436964","local_time":"20230919125407","is_ascension_mode":true,"campfire_choices":[{"data":"Melter","floor":6,"key":"SMITH"},{"data":"Dualcast","floor":12,"key":"SMITH"},{"data":"Sunder","floor":15,"key":"SMITH"},{"data":"Darkness","floor":24,"key":"SMITH"},{"data":"Seek","floor":29,"key":"SMITH"},{"data":"Darkness","floor":32,"key":"SMITH"},{"data":"Fission","floor":40,"key":"SMITH"},{"data":"Seek","floor":42,"key":"SMITH"},{"floor":49,"key":"RECALL"},{"data":"Coolheaded","floor":52,"key":"SMITH"}],"neow_cost":"NONE","seed_source_timestamp":205172427127600,"circlet_count":0,"master_deck":["Defend_B","Defend_B","Zap+1","Dualcast+1","Melter+1","Cold Snap","Ball Lightning","Coolheaded","Seek+1","Echo Form","Reinforced Body","Sunder+1","Capacitor","Seek+1","Loop+1","Coolheaded+1","Hologram","Aggregate","Redo+1","Darkness+1","Coolheaded","Reinforced Body+1","Hologram+1","Coolheaded+1","Darkness+1","Fission+1","Lockon","Panacea","Machine Learning","Aggregate+1"],"relics":["Cracked Core","Membership Card","Orichalcum","Vajra","Sozu","Orrery","Strawberry","Bottled Lightning","Meat on the Bone","Ancient Tea Set","Inserter","Lantern","Dream Catcher","Chemical X","Art of War","Toy Ornithopter"],"potions_floor_usage":[1,13,27,27],"damage_taken":[{"damage":0,"enemies":"2 Louse","floor":1,"turns":2},{"damage":1,"enemies":"Cultist","floor":3,"turns":3},{"damage":7,"enemies":"Jaw Worm","floor":4,"turns":2},{"damage":6,"enemies":"Blue Slaver","floor":5,"turns":3},{"damage":13,"enemies":"Exordium Thugs","floor":8,"turns":5},{"damage":2,"enemies":"Exordium Wildlife","floor":10,"turns":4},{"damage":6,"enemies":"3 Sentries","floor":13,"turns":5},{"damage":5,"enemies":"Blue Slaver","floor":14,"turns":2},{"damage":5,"enemies":"Slime Boss","floor":16,"turns":10},{"damage":4,"enemies":"2 Thieves","floor":18,"turns":2},{"damage":0,"enemies":"Spheric Guardian","floor":19,"turns":2},{"damage":29,"enemies":"Gremlin Leader","floor":23,"turns":7},{"damage":14,"enemies":"Book of Stabbing","floor":25,"turns":5},{"damage":12,"enemies":"Gremlin Leader","floor":27,"turns":11},{"damage":7,"enemies":"Centurion and Healer","floor":28,"turns":8},{"damage":4,"enemies":"Champ","floor":33,"turns":10},{"damage":10,"enemies":"Orb Walker","floor":35,"turns":6},{"damage":0,"enemies":"3 Shapes","floor":37,"turns":2},{"damage":2,"enemies":"Maw","floor":39,"turns":5},{"damage":56,"enemies":"Giant Head","floor":41,"turns":9},{"damage":15,"enemies":"Writhing Mass","floor":44,"turns":7},{"damage":0,"enemies":"4 Shapes","floor":46,"turns":4},{"damage":9,"enemies":"Nemesis","floor":48,"turns":5},{"damage":28,"enemies":"Donu and Deca","floor":50,"turns":13},{"damage":1,"enemies":"Shield and Spear","floor":54,"turns":6},{"damage":53,"enemies":"The Heart","floor":55,"turns":10}],"seed_played":"6196567113977603454","potions_obtained":[{"floor":1,"key":"Fruit Juice"},{"floor":4,"key":"FairyPotion"},{"floor":8,"key":"AttackPotion"},{"floor":14,"key":"SneckoOil"},{"floor":16,"key":"Block Potion"}],"is_trial":false,"path_per_floor":["M","?","M","M","M","R","$","M","T","M","$","R","E","M","R","B",null,"M","M","$","?","?","E","R","E","T","E","M","R","?","?","R","B",null,"M","$","M","?","M","R","E","R","T","M","?","M","?","E","R","B",null,"R","$","E","B",null],"character_chosen":"DEFECT","items_purchased":["Membership Card","Seek","Explosive Potion","Orrery","Lockon","Chemical X","Art of War"],"campfire_rested":0,"item_purchase_floors":[7,7,11,20,36,53,53],"current_hp_per_floor":[80,72,71,64,58,58,58,45,45,43,43,43,37,32,32,27,80,76,76,76,76,76,54,54,40,40,40,45,45,28,28,28,36,92,82,82,82,82,80,80,36,36,36,33,33,45,45,48,48,32,92,92,92,91,50],"gold":40,"neow_bonus":"UPGRADE_CARD","is_prod":false,"is_daily":false,"chose_seed":false,"campfire_upgraded":9,"win_rate":0,"timestamp":1695153247,"path_taken":["M","?","M","M","?","R","?","M","T","?","$","R","E","M","R","BOSS","M","M","$","?","?","E","R","E","T","E","?","R","?","?","R","BOSS","M","$","M","?","M","R","E","R","T","M","?","?","?","E","R","BOSS","R","$","E","BOSS"],"build_version":"2022-12-18","purchased_purges":4,"victory":true,"max_hp_per_floor":[80,80,80,80,80,80,80,80,80,80,80,80,80,80,80,80,80,80,80,80,80,80,87,87,87,87,87,87,87,92,92,92,92,92,92,92,92,92,92,92,92,92,92,92,92,92,92,92,92,92,92,92,92,92,92],"card_choices":[{"not_picked":["Lockon","Sweeping Beam"],"picked":"Melter","floor":1},{"not_picked":["Chaos","Tempest"],"picked":"Cold Snap","floor":3},{"not_picked":["Steam","Capacitor"],"picked":"Ball Lightning","floor":4},{"not_picked":["Turbo","Loop"],"picked":"Coolheaded","floor":5},{"not_picked":["Turbo","Redo"],"picked":"Echo Form","floor":8},{"not_picked":["Streamline","Rebound"],"picked":"Reinforced Body","floor":10},{"not_picked":["Thunder Strike","Auto Shields"],"picked":"Sunder","floor":13},{"not_picked":["Static Discharge","Leap"],"picked":"Capacitor","floor":14},{"not_picked":["Reboot","Amplify"],"picked":"Seek","floor":16},{"not_picked":["Sweeping Beam+1","Leap","Chaos"],"picked":"SKIP","floor":18},{"not_picked":["Conserve Battery","Turbo"],"picked":"Loop+1","floor":19},{"not_picked":["Heatsinks","Fusion+1"],"picked":"Coolheaded+1","floor":20},{"not_picked":["Hyperbeam","Cold Snap"],"picked":"Hologram","floor":20},{"not_picked":["Glacier+1","Recycle"],"picked":"Aggregate","floor":20},{"not_picked":["Capacitor+1","Reboot"],"picked":"Redo+1","floor":20},{"not_picked":["Beam Cell","Rip and Tear"],"picked":"Darkness","floor":20},{"not_picked":["Steam Power","Double Energy"],"picked":"Reinforced Body+1","floor":23},{"not_picked":["Redo","Steam Power"],"picked":"Hologram+1","floor":25},{"not_picked":["Force Field+1","Auto Shields"],"picked":"Coolheaded","floor":27},{"not_picked":["Reinforced Body","Beam Cell"],"picked":"Darkness","floor":28},{"not_picked":["All For One","Hyperbeam"],"picked":"Fission","floor":33},{"not_picked":["Sunder+1","Steam Power+1","Hello World"],"picked":"SKIP","floor":35},{"not_picked":["Turbo+1","Cold Snap","Gash+1"],"picked":"SKIP","floor":37},{"not_picked":["Impatience","Madness"],"picked":"Panacea","floor":38},{"not_picked":["Doom and Gloom+1","Streamline","Rebound+1"],"picked":"SKIP","floor":39},{"not_picked":["Gash+1","Thunder Strike","Stack"],"picked":"SKIP","floor":41},{"not_picked":["Barrage","Capacitor+1","Compile Driver"],"picked":"SKIP","floor":44},{"not_picked":["Scrape","Streamline"],"picked":"Aggregate+1","floor":46},{"not_picked":["Aggregate+1","Steam Power","Sweeping Beam"],"picked":"SKIP","floor":48},{"not_picked":["Cold Snap+1","Gash+1","Heatsinks"],"picked":"SKIP","floor":54}],"player_experience":649004,"relics_obtained":[{"floor":9,"key":"Orichalcum"},{"floor":13,"key":"Vajra"},{"floor":23,"key":"Strawberry"},{"floor":25,"key":"Bottled Lightning"},{"floor":26,"key":"Meat on the Bone"},{"floor":27,"key":"Ancient Tea Set"},{"floor":41,"key":"Lantern"},{"floor":48,"key":"Dream Catcher"},{"floor":54,"key":"Toy Ornithopter"}],"event_choices":[{"damage_healed":0,"gold_gain":75,"player_choice":"Touch","damage_taken":8,"max_hp_gain":0,"max_hp_loss":0,"event_name":"FaceTrader","floor":2,"gold_loss":0},{"damage_healed":0,"gold_gain":0,"player_choice":"Ignored","damage_taken":0,"max_hp_gain":0,"max_hp_loss":0,"event_name":"Ghosts","floor":21,"gold_loss":0},{"damage_healed":0,"gold_gain":0,"player_choice":"Read","damage_taken":0,"max_hp_gain":0,"max_hp_loss":0,"event_name":"The Library","floor":22,"gold_loss":0,"cards_obtained":["Coolheaded"]},{"damage_healed":0,"gold_gain":0,"player_choice":"Shed Blood","damage_taken":22,"max_hp_gain":5,"max_hp_loss":0,"event_name":"Forgotten Altar","floor":30,"gold_loss":0},{"cards_removed":["Strike_B"],"damage_healed":0,"gold_gain":0,"player_choice":"Gave Gold","damage_taken":0,"max_hp_gain":0,"max_hp_loss":0,"event_name":"Beggar","floor":31,"gold_loss":75},{"damage_healed":0,"gold_gain":0,"player_choice":"Memory 1","damage_taken":0,"max_hp_gain":0,"max_hp_loss":0,"event_name":"SensoryStone","floor":38,"gold_loss":0},{"damage_healed":0,"gold_gain":0,"cards_transformed":["Defend_B"],"player_choice":"Transformed","damage_taken":0,"max_hp_gain":0,"max_hp_loss":0,"event_name":"Transmorgrifier","floor":45,"gold_loss":0,"cards_obtained":["Machine Learning"]},{"damage_healed":0,"gold_gain":0,"player_choice":"Ignored","damage_taken":0,"max_hp_gain":0,"max_hp_loss":0,"event_name":"Tomb of Lord Red Mask","floor":47,"gold_loss":0}],"is_beta":false,"boss_relics":[{"not_picked":["Calling Bell","Tiny House"],"picked":"Sozu"},{"not_picked":["Astrolabe","SacredBark"],"picked":"Inserter"}],"items_purged_floors":[11,20,36,53],"is_endless":false,"potions_floor_spawned":[1,4,8,14,16,18,27,28,33,37,44,46,48,54],"ascension_level":2}