{"gold_per_floor":[366,381,394,39,39,39,56,56,79,114,132,162,175,187,187,291,291,301,132,132,132,47,47,78,78,155,171,189,206,217,16,16,114,114,131,231,244,256,131,131],"floor_reached":40,"playtime":2278,"items_purged":["Strike_B","Strike_B","Parasite"],"score":668,"play_id":"67559988-f692-469f-bc57-ce5939381789","local_time":"20230924204919","is_ascension_mode":true,"campfire_choices":[{"data":"Defragment","floor":6,"key":"SMITH"},{"data":"Zap","floor":8,"key":"SMITH"},{"data":"Darkness","floor":15,"key":"SMITH"},{"data":"Hyperbeam","floor":23,"key":"SMITH"},{"data":"Coolheaded","floor":25,"key":"SMITH"},{"data":"Coolheaded","floor":32,"key":"SMITH"}],"neow_cost":"PERCENT_DAMAGE","seed_source_timestamp":666981328511100,"circlet_count":0,"master_deck":["Strike_B","Strike_B","Defend_B","Defend_B","Defend_B","Defend_B","Zap+1","Dualcast","Reinforced Body","Beam Cell","Genetic Algorithm","Defragment+1","Darkness+1","Conserve Battery","Scrape","Rebound","FTL","Hyperbeam+1","Glacier","Necronomicurse","Coolheaded+1","Redo+1","Turbo+1","Conserve Battery+1","Coolheaded+1","Biased Cognition"],"relics":["Cracked Core","Eternal Feather","PreservedInsect","Oddly Smooth Stone","Boot","Cursed Key","Necronomicon","Shovel","Ornamental Fan","Mummified Hand","DataDisk","Inserter"],"potions_floor_usage":[11,11,11,11,12,16,40],"damage_taken":[{"damage":0,"enemies":"2 Louse","floor":1,"turns":2},{"damage":4,"enemies":"Small Slimes","floor":2,"turns":4},{"damage":2,"enemies":"Jaw Worm","floor":3,"turns":3},{"damage":11,"enemies":"Exordium Thugs","floor":7,"turns":5},{"damage":15,"enemies":"Lagavulin","floor":10,"turns":7},{"damage":15,"enemies":"Gremlin Gang","floor":11,"turns":4},{"damage":0,"enemies":"Gremlin Nob","floor":12,"turns":4},{"damage":14,"enemies":"Red Slaver","floor":13,"turns":3},{"damage":0,"enemies":"Looter","floor":14,"turns":3},{"damage":0,"enemies":"The Guardian","floor":16,"turns":9},{"damage":8,"enemies":"Spheric Guardian","floor":18,"turns":4},{"damage":3,"enemies":"Book of Stabbing","floor":24,"turns":4},{"damage":0,"enemies":"Shell Parasite","floor":27,"turns":6},{"damage":0,"enemies":"3 Cultists","floor":28,"turns":3},{"damage":0,"enemies":"Centurion and Healer","floor":29,"turns":5},{"damage":0,"enemies":"Snecko","floor":30,"turns":5},{"damage":61,"enemies":"Champ","floor":33,"turns":14},{"damage":1,"enemies":"3 Shapes","floor":35,"turns":6},{"damage":0,"enemies":"Orb Walker","floor":37,"turns":5},{"damage":10,"enemies":"Writhing Mass","floor":38,"turns":9},{"damage":62,"enemies":"Giant Head","floor":40,"turns":13}],"seed_played":"4469936294008848492","potions_obtained":[{"floor":1,"key":"LiquidBronze"},{"floor":7,"key":"Ancient Potion"},{"floor":10,"key":"EntropicBrew"},{"floor":12,"key":"Fire Potion"},{"floor":14,"key":"Explosive Potion"},{"floor":18,"key":"PowerPotion"},{"floor":24,"key":"Energy Potion"},{"floor":37,"key":"BlessingOfTheForge"},{"floor":38,"key":"Ancient Potion"}],"is_trial":false,"path_per_floor":["M","M","M","$","?","R","M","R","T","E","M","E","M","M","R","B",null,"M","$","?","?","?","R","E","R","T","M","M","M","M","$","R","B",null,"M","?","M","M","$","E"],"character_chosen":"DEFECT","items_purchased":["Defragment","Eternal Feather","Glacier","DataDisk","Coolheaded"],"campfire_rested":0,"item_purchase_floors":[4,4,19,31,31],"current_hp_per_floor":[50,46,44,44,44,50,39,45,45,30,15,15,1,1,10,10,59,51,51,35,35,35,47,44,56,56,56,56,56,56,56,71,10,59,58,58,58,48,48,0],"gold":131,"neow_bonus":"TWO_FIFTY_GOLD","is_prod":false,"is_daily":false,"chose_seed":false,"campfire_upgraded":6,"win_rate":0,"timestamp":1695613759,"path_taken":["M","M","M","$","?","R","M","R","T","E","M","E","M","M","R","BOSS","M","$","?","?","?","R","E","R","T","M","M","M","M","?","R","BOSS","M","?","?","M","?","E"],"build_version":"2022-12-18","purchased_purges":3,"victory":false,"max_hp_per_floor":[75,75,75,75,75,75,75,75,75,75,75,75,75,75,75,75,75,75,75,75,75,75,75,75,75,75,75,75,75,75,75,75,75,75,75,75,75,75,72,72],"card_choices":[{"not_picked":["Reprogram","Stack"],"picked":"Reinforced Body","floor":1},{"not_picked":["Turbo","Capacitor"],"picked":"Beam Cell","floor":2},{"not_picked":["Leap","Beam Cell"],"picked":"Genetic Algorithm","floor":3},{"not_picked":["Streamline","Darkness","Storm"],"picked":"SKIP","floor":7},{"not_picked":["Blizzard","Capacitor"],"picked":"Darkness","floor":10},{"not_picked":["Stack","Barrage"],"picked":"Conserve Battery","floor":11},{"not_picked":["Steam","Amplify"],"picked":"Scrape","floor":12},{"not_picked":["Barrage","White Noise"],"picked":"Rebound","floor":13},{"not_picked":["Conserve Battery","Sweeping Beam"],"picked":"FTL","floor":14},{"not_picked":["Machine Learning","Buffer"],"picked":"Hyperbeam","floor":16},{"not_picked":["Turbo","Conserve Battery","Reprogram"],"picked":"SKIP","floor":18},{"not_picked":["Turbo","Sunder"],"picked":"Coolheaded","floor":24},{"not_picked":["Tempest","Turbo+1"],"picked":"Redo+1","floor":27},{"not_picked":["Steam","Redo"],"picked":"Turbo+1","floor":28},{"not_picked":["Steam","Blizzard+1","Static Discharge"],"picked":"SKIP","floor":29},{"not_picked":["Turbo","Auto Shields"],"picked":"Conserve Battery+1","floor":30},{"not_picked":["Thunder Strike","Core Surge"],"picked":"Biased Cognition","floor":33},{"not_picked":["Steam","Stack","Cold Snap+1"],"picked":"SKIP","floor":35},{"not_picked":["Leap+1","Doom and Gloom","Conserve Battery"],"picked":"SKIP","floor":37},{"not_picked":["Leap","Genetic Algorithm+1","Turbo+1"],"picked":"SKIP","floor":38}],"player_experience":735088,"relics_obtained":[{"floor":9,"key":"PreservedInsect"},{"floor":10,"key":"Oddly Smooth Stone"},{"floor":12,"key":"Boot"},{"floor":20,"key":"Necronomicon"},{"floor":24,"key":"Ornamental Fan"},{"floor":26,"key":"Mummified Hand"}],"event_choices":[{"damage_healed":0,"gold_gain":0,"player_choice":"Ignored","damage_taken":0,"max_hp_gain":0,"max_hp_loss":0,"event_name":"Liars Game","floor":5,"gold_loss":0},{"damage_healed":0,"gold_gain":0,"player_choice":"Obtained Book","damage_taken":16,"max_hp_gain":0,"max_hp_loss":0,"event_name":"Cursed Tome","floor":20,"gold_loss":0},{"damage_healed":0,"gold_gain":0,"player_choice":"Ignored","damage_taken":0,"max_hp_gain":0,"max_hp_loss":0,"event_name":"Vampires","floor":21,"gold_loss":0},{"damage_healed":0,"gold_gain":0,"player_choice":"Obtained Relic","damage_taken":0,"relics_obtained":["Shovel"],"max_hp_gain":0,"max_hp_loss":0,"event_name":"Addict","floor":22,"gold_loss":85},{"damage_healed":0,"gold_gain":100,"player_choice":"Pray","damage_taken":0,"max_hp_gain":0,"max_hp_loss":0,"event_name":"Golden Shrine","floor":36,"gold_loss":0}],"is_beta":false,"boss_relics":[{"not_picked":["Runic Dome","Philosopher\u0027s Stone"],"picked":"Cursed Key"},{"not_picked":["SlaversCollar","Nuclear Battery"],"picked":"Inserter"}],"items_purged_floors":[4,19,39],"is_endless":false,"potions_floor_spawned":[1,7,10,12,14,18,24,28,37,38],"killed_by":"Giant Head","ascension_level":7}