{"gold_per_floor":[113,78,26,26,37,37,69,69,69,81,99,116,135,168,168,266,266,286,211,222,222,222,257,257,288,288,320,330,330,342,10,10,107,107,121,135,145,159,9,9,42,42,42,77,77,3,22,47,47,47,47,47,47,76,76],"floor_reached":55,"playtime":3526,"items_purged":["Strike_B"],"score":1262,"play_id":"a1ff0aa7-5440-4ad8-8fb7-6ac14d278e81","local_time":"20230926225809","is_ascension_mode":true,"campfire_choices":[{"data":"Rebound","floor":6,"key":"SMITH"},{"data":"Beam Cell","floor":8,"key":"SMITH"},{"data":"Cold Snap","floor":15,"key":"SMITH"},{"data":"Biased Cognition","floor":24,"key":"SMITH"},{"data":"Self Repair","floor":29,"key":"SMITH"},{"data":"Defragment","floor":32,"key":"SMITH"},{"data":"Seek","floor":40,"key":"SMITH"},{"data":"Coolheaded","floor":42,"key":"SMITH"},{"floor":49,"key":"RECALL"},{"data":"Defragment","floor":52,"key":"SMITH"}],"neow_cost":"PERCENT_DAMAGE","seed_source_timestamp":846270088874500,"circlet_count":0,"master_deck":["Defend_B","Defend_B","Defend_B","Zap","Dualcast","Rebound+1","Undo","Coolheaded","Trip","Beam Cell+1","Rebound","Cold Snap+1","Self Repair+1","Biased Cognition+1","Defragment+1","Cold Snap","Defragment+1","Coolheaded+1","Seek+1","Go for the Eyes+1","Tempest+1","Ball Lightning+1","Glacier+1","Aggregate","Hello World","Defragment+1","Recycle+1","Coolheaded+1"],"relics":["Cracked Core","Calipers","MealTicket","Coffee Dripper","Torii","Happy Flower","Pen Nib","Matryoshka","Question Card","Eternal Feather","Inserter","ClockworkSouvenir","Vajra","Potion Belt","StrikeDummy","Blue Candle","Regal Pillow","Letter Opener","InkBottle"],"potions_floor_usage":[7,16,23,27,27,33,35,54],"damage_taken":[{"damage":7,"enemies":"Jaw Worm","floor":1,"turns":4},{"damage":0,"enemies":"Small Slimes","floor":5,"turns":3},{"damage":16,"enemies":"Gremlin Nob","floor":7,"turns":3},{"damage":0,"enemies":"Cultist","floor":10,"turns":2},{"damage":0,"enemies":"Large Slime","floor":11,"turns":6},{"damage":5,"enemies":"Blue Slaver","floor":12,"turns":3},{"damage":29,"enemies":"Gremlin Gang","floor":13,"turns":6},{"damage":4,"enemies":"Lagavulin","floor":14,"turns":7},{"damage":14,"enemies":"The Guardian","floor":16,"turns":13},{"damage":0,"enemies":"Chosen","floor":18,"turns":4},{"damage":2,"enemies":"Shell Parasite","floor":20,"turns":6},{"damage":24,"enemies":"Slavers","floor":23,"turns":7},{"damage":31,"enemies":"Book of Stabbing","floor":25,"turns":6},{"damage":32,"enemies":"Slavers","floor":27,"turns":5},{"damage":1,"enemies":"Centurion and Healer","floor":28,"turns":5},{"damage":11,"enemies":"Shelled Parasite and Fungi","floor":30,"turns":7},{"damage":0,"enemies":"Automaton","floor":33,"turns":18},{"damage":29,"enemies":"3 Darklings","floor":35,"turns":9},{"damage":0,"enemies":"3 Shapes","floor":36,"turns":5},{"damage":0,"enemies":"Maw","floor":37,"turns":10},{"damage":15,"enemies":"4 Shapes","floor":38,"turns":7},{"damage":0,"enemies":"Nemesis","floor":41,"turns":9},{"damage":18,"enemies":"Reptomancer","floor":44,"turns":5},{"damage":0,"enemies":"Sphere and 2 Shapes","floor":47,"turns":6},{"damage":0,"enemies":"Time Eater","floor":50,"turns":19},{"damage":48,"enemies":"Shield and Spear","floor":54,"turns":8},{"damage":42,"enemies":"The Heart","floor":55,"turns":3}],"seed_played":"225726425327362429","potions_obtained":[{"floor":7,"key":"FairyPotion"},{"floor":10,"key":"Dexterity Potion"},{"floor":11,"key":"Dexterity Potion"},{"floor":13,"key":"BlessingOfTheForge"},{"floor":16,"key":"CultistPotion"},{"floor":25,"key":"Weak Potion"},{"floor":28,"key":"LiquidMemories"},{"floor":33,"key":"Swift Potion"},{"floor":36,"key":"ColorlessPotion"}],"is_trial":false,"path_per_floor":["M","?","$","?","M","R","E","R","T","M","M","M","M","E","R","B",null,"M","?","M","?","T","E","R","E","T","E","M","R","M","$","R","B",null,"M","M","M","M","$","R","E","R","T","E","?","$","M","T","R","B",null,"R","$","E","B"],"character_chosen":"DEFECT","items_purchased":["Fire Potion","Eternal Feather","ClockworkSouvenir","Defragment"],"campfire_rested":0,"item_purchase_floors":[3,31,39,46],"current_hp_per_floor":[43,61,61,61,61,61,45,45,45,45,45,40,18,21,21,14,60,67,67,72,56,56,39,39,15,15,12,18,18,17,32,41,51,69,50,60,70,65,75,75,75,75,75,67,67,75,75,75,75,75,75,75,75,37,0],"gold":76,"neow_bonus":"REMOVE_TWO","is_prod":false,"is_daily":false,"chose_seed":false,"campfire_upgraded":9,"win_rate":0,"timestamp":1695794289,"path_taken":["M","?","$","?","M","R","E","R","T","M","M","M","M","E","R","BOSS","M","?","M","?","?","E","R","E","T","E","M","R","M","$","R","BOSS","M","?","M","M","$","R","E","R","T","E","?","$","?","?","R","BOSS","R","$","E","BOSS"],"build_version":"2022-12-18","purchased_purges":1,"victory":false,"max_hp_per_floor":[75,75,75,75,75,75,75,75,75,75,75,75,75,75,75,75,75,75,75,75,75,75,75,75,75,75,75,75,75,75,75,75,75,75,75,75,75,75,75,75,75,75,75,75,75,75,75,75,75,75,75,75,75,75,75],"card_choices":[{"not_picked":["Sweeping Beam","Storm"],"picked":"Rebound","floor":1},{"not_picked":["Hologram","Steam Power"],"picked":"Beam Cell","floor":5},{"not_picked":["Redo","Multi-Cast"],"picked":"Rebound","floor":7},{"not_picked":["Go for the Eyes","Conserve Battery"],"picked":"Cold Snap","floor":10},{"not_picked":["Undo","Streamline"],"picked":"Self Repair","floor":11},{"not_picked":["Storm","Force Field","Beam Cell"],"picked":"SKIP","floor":12},{"not_picked":["Storm","Coolheaded","Leap"],"picked":"SKIP","floor":13},{"not_picked":["Sweeping Beam","Turbo","Stack"],"picked":"SKIP","floor":14},{"not_picked":["Multi-Cast","Echo Form"],"picked":"Biased Cognition","floor":16},{"not_picked":["Stack+1","Auto Shields+1","Redo"],"picked":"SKIP","floor":18},{"not_picked":["White Noise","Fusion"],"picked":"Defragment+1","floor":20},{"not_picked":["Self Repair","Beam Cell+1"],"picked":"Cold Snap","floor":23},{"not_picked":["Streamline","Force Field","Leap"],"picked":"SKIP","floor":25},{"not_picked":["Force Field","Compile Driver+1"],"picked":"Defragment","floor":27},{"not_picked":["Gash","Leap+1","Loop"],"picked":"Coolheaded","floor":28},{"not_picked":["Consume","Rebound","Double Energy","Genetic Algorithm"],"picked":"SKIP","floor":30},{"not_picked":["Hyperbeam","Multi-Cast","Thunder Strike"],"picked":"Seek","floor":33},{"not_picked":["Scrape+1","Steam+1","Go for the Eyes","Cold Snap+1"],"picked":"SKIP","floor":35},{"not_picked":["Recycle","Turbo","Scrape+1"],"picked":"Go for the Eyes+1","floor":36},{"not_picked":["Steam+1","Streamline","Leap"],"picked":"Tempest+1","floor":37},{"not_picked":["Redo","Tempest+1","Compile Driver+1"],"picked":"Ball Lightning+1","floor":38},{"not_picked":["Leap+1","Sweeping Beam+1","All For One"],"picked":"Glacier+1","floor":41},{"not_picked":["Barrage+1","Reprogram","Blizzard+1"],"picked":"Aggregate","floor":44},{"not_picked":["Glacier+1","Leap","Sweeping Beam"],"picked":"Recycle+1","floor":47},{"not_picked":["Blizzard","Beam Cell","Leap+1"],"picked":"Coolheaded+1","floor":54}],"player_experience":770092,"relics_obtained":[{"floor":7,"key":"Calipers"},{"floor":14,"key":"MealTicket"},{"floor":22,"key":"Torii"},{"floor":23,"key":"Happy Flower"},{"floor":25,"key":"Pen Nib"},{"floor":26,"key":"Matryoshka"},{"floor":27,"key":"Question Card"},{"floor":41,"key":"Vajra"},{"floor":43,"key":"Potion Belt"},{"floor":43,"key":"StrikeDummy"},{"floor":44,"key":"Blue Candle"},{"floor":48,"key":"Regal Pillow"},{"floor":48,"key":"Letter Opener"},{"floor":54,"key":"InkBottle"}],"event_choices":[{"damage_healed":18,"gold_gain":0,"player_choice":"Healed","damage_taken":0,"max_hp_gain":0,"max_hp_loss":0,"event_name":"The Cleric","floor":2,"gold_loss":35},{"damage_healed":0,"gold_gain":0,"player_choice":"3 cards matched","damage_taken":0,"max_hp_gain":0,"max_hp_loss":0,"event_name":"Match and Keep!","floor":4,"gold_loss":0,"cards_obtained":["Undo","Coolheaded","Trip"]},{"cards_removed":["Strike_B"],"damage_healed":0,"gold_gain":0,"player_choice":"Gave Gold","damage_taken":0,"max_hp_gain":0,"max_hp_loss":0,"event_name":"Beggar","floor":19,"gold_loss":75},{"damage_healed":0,"gold_gain":0,"player_choice":"Obtained Book","damage_taken":16,"max_hp_gain":0,"max_hp_loss":0,"event_name":"Cursed Tome","floor":21,"gold_loss":0},{"damage_healed":0,"gold_gain":0,"cards_transformed":["Strike_B"],"player_choice":"Transformed","damage_taken":0,"max_hp_gain":0,"max_hp_loss":0,"event_name":"Transmorgrifier","floor":45,"gold_loss":0,"cards_obtained":["Hello World"]}],"is_beta":false,"boss_relics":[{"not_picked":["SlaversCollar","Busted Crown"],"picked":"Coffee Dripper"},{"not_picked":["Runic Dome","SacredBark"],"picked":"Inserter"}],"items_purged_floors":[31],"is_endless":false,"potions_floor_spawned":[7,10,11,13,16,20,25,28,33,36],"killed_by":"The Heart","ascension_level":9}