{"gold_per_floor":[218,231,241,83,83,83,122,152,178,178,202,218,218,218,218,314,314,329,229,254,279,279,279,322,322,322,356,369,404,404,423,423,521,521,546,546,546,421,439,439,460,483,483,62,83,102,52,52,52,52,52],"floor_reached":51,"playtime":2237,"items_purged":["Strike_B","Strike_B","Strike_B","Parasite"],"score":1364,"play_id":"f669d217-3c8b-417a-aa36-5515ab0b7e0f","local_time":"20230917205448","is_ascension_mode":true,"campfire_choices":[{"data":"Sunder","floor":6.0,"key":"SMITH"},{"floor":10.0,"key":"REST"},{"data":"Beam Cell","floor":13.0,"key":"SMITH"},{"data":"Recycle","floor":15.0,"key":"SMITH"},{"data":"Defragment","floor":23.0,"key":"SMITH"},{"data":"Defragment","floor":25.0,"key":"SMITH"},{"floor":30,"key":"REST"},{"data":"Meteor Strike","floor":32,"key":"SMITH"},{"data":"Reinforced Body","floor":40,"key":"SMITH"},{"floor":49,"key":"REST"}],"neow_cost":"NONE","seed_source_timestamp":62503792066500,"circlet_count":0,"master_deck":["AscendersBane","Defend_B","Defend_B","Defend_B","Defend_B","Zap","Dualcast","Auto Shields","Beam Cell+1","Go for the Eyes","Sunder+1","Reinforced Body+1","Recycle+1","Chill","Electrodynamics","Reinforced Body+1","Defragment+1","Defragment+1","Tempest","Meteor Strike+1","All For One","Meteor Strike+1","Hologram+1","Conserve Battery+1","Capacitor+1"],"special_seed":0,"relics":["Cracked Core","Golden Idol","DataDisk","Odd Mushroom","Oddly Smooth Stone","Snecko Eye","Bag of Marbles","Toxic Egg 2","Lizard Tail","Ancient Tea Set","Sozu","Meat on the Bone","DollysMirror"],"potions_floor_usage":[50,51],"damage_taken":[{"damage":1.0,"enemies":"Cultist","floor":1.0,"turns":4.0},{"damage":2.0,"enemies":"2 Louse","floor":2.0,"turns":4.0},{"damage":0.0,"enemies":"Small Slimes","floor":3.0,"turns":3.0},{"damage":35.0,"enemies":"3 Sentries","floor":7.0,"turns":6.0},{"damage":18.0,"enemies":"The Mushroom Lair","floor":8.0,"turns":3.0},{"damage":0.0,"enemies":"3 Louse","floor":11.0,"turns":3.0},{"damage":0.0,"enemies":"Lots of Slimes","floor":12.0,"turns":5.0},{"damage":18.0,"enemies":"Slime Boss","floor":16.0,"turns":7.0},{"damage":15.0,"enemies":"Shell Parasite","floor":18.0,"turns":3.0},{"damage":0.0,"enemies":"Spheric Guardian","floor":20.0,"turns":3.0},{"damage":7.0,"enemies":"Shelled Parasite and Fungi","floor":21.0,"turns":8.0},{"damage":12.0,"enemies":"Slavers","floor":24.0,"turns":4.0},{"damage":4.0,"enemies":"Book of Stabbing","floor":27.0,"turns":3.0},{"damage":10,"enemies":"Centurion and Healer","floor":28,"turns":3},{"damage":0,"enemies":"Gremlin Leader","floor":29,"turns":4},{"damage":0,"enemies":"Cultist and Chosen","floor":31,"turns":4},{"damage":38,"enemies":"Champ","floor":33,"turns":9},{"damage":0,"enemies":"Orb Walker","floor":35,"turns":1},{"damage":0,"enemies":"3 Shapes","floor":39,"turns":4},{"damage":1,"enemies":"Writhing Mass","floor":41,"turns":3},{"damage":17,"enemies":"Jaw Worm Horde","floor":42,"turns":4},{"damage":21,"enemies":"Maw","floor":45,"turns":6},{"damage":0,"enemies":"Sphere and 2 Shapes","floor":46,"turns":2},{"damage":48,"enemies":"Donu and Deca","floor":50,"turns":9},{"damage":27,"enemies":"Time Eater","floor":51,"turns":5}],"seed_played":"1031672059401726840","potions_obtained":[{"floor":1.0,"key":"DuplicationPotion"},{"floor":3.0,"key":"Dexterity Potion"},{"floor":8.0,"key":"DistilledChaos"},{"floor":16.0,"key":"SneckoOil"},{"floor":20.0,"key":"EntropicBrew"},{"floor":27.0,"key":"LiquidBronze"},{"floor":28,"key":"Ancient Potion"}],"is_trial":false,"path_per_floor":["M","M","M","$","?","R","E","?","T","R","M","M","R","?","R","B",null,"M","$","M","M","?","R","E","R","T","E","M","E","R","M","R","B",null,"M","?","?","$","M","R","M","M","T","$","M","M","?","$","R","B","B"],"character_chosen":"DEFECT","items_purchased":["Sunder","DollysMirror","Hologram+1","Conserve Battery+1"],"campfire_rested":3,"item_purchase_floors":[4,44,44,44],"current_hp_per_floor":[63,61,61,61,61,61,26,8,8,27,27,27,27,27,27,9,50,35,35,35,28,28,28,16,16,16,12,2,2,21,21,21,32,56,56,56,56,56,56,56,55,38,38,38,29,41,41,41,58,22,0],"gold":52,"neow_bonus":"HUNDRED_GOLD","is_prod":false,"is_daily":false,"chose_seed":false,"campfire_upgraded":7,"win_rate":0,"timestamp":1695009288,"path_taken":["M","M","M","$","?","R","E","?","T","R","M","M","R","?","R","BOSS","M","$","M","M","?","R","E","R","T","E","M","E","R","?","R","BOSS","M","?","?","$","M","R","M","?","T","$","M","?","?","?","R","BOSS","BOSS"],"build_version":"2022-12-18","purchased_purges":4,"victory":false,"max_hp_per_floor":[71,71,71,71,64,64,64,64,64,64,64,64,64,64,64,64,64,64,64,64,64,64,64,64,64,64,64,64,64,64,64,64,64,64,64,61,61,61,61,61,61,61,61,58,58,58,58,58,58,58,58],"card_choices":[{"not_picked":["Scrape","Steam"],"picked":"Auto Shields","floor":1.0},{"not_picked":["Barrage","Go for the Eyes"],"picked":"Beam Cell","floor":2.0},{"not_picked":["Aggregate","Chaos"],"picked":"Go for the Eyes","floor":3.0},{"not_picked":["FTL","Scrape"],"picked":"Reinforced Body","floor":7.0},{"not_picked":["Barrage","Hologram"],"picked":"Recycle","floor":8.0},{"not_picked":["Go for the Eyes","Conserve Battery"],"picked":"Chill","floor":11.0},{"not_picked":["Chaos","Turbo","Hello World"],"picked":"SKIP","floor":12.0},{"not_picked":["Reboot","All For One"],"picked":"Electrodynamics","floor":16.0},{"not_picked":["Barrage","Coolheaded+1"],"picked":"Reinforced Body+1","floor":18.0},{"not_picked":["Rebound","Static Discharge"],"picked":"Defragment","floor":20.0},{"not_picked":["Conserve Battery","Ball Lightning"],"picked":"Defragment","floor":21.0},{"not_picked":["Cold Snap+1","Darkness"],"picked":"Tempest","floor":24.0},{"not_picked":["Hyperbeam","Coolheaded+1","Barrage"],"picked":"SKIP","floor":27.0},{"not_picked":["Leap+1","Steam+1","Storm"],"picked":"SKIP","floor":28},{"not_picked":["Beam Cell","Compile Driver","Streamline"],"picked":"SKIP","floor":29},{"not_picked":["Rebound","Compile Driver"],"picked":"Meteor Strike","floor":31},{"not_picked":["Creative AI","Buffer"],"picked":"All For One","floor":33},{"not_picked":["Barrage","BootSequence+1","Cold Snap+1"],"picked":"SKIP","floor":35},{"not_picked":["Go for the Eyes","Storm","Compile Driver+1"],"picked":"SKIP","floor":39},{"not_picked":["Blizzard","BootSequence+1","Steam+1"],"picked":"SKIP","floor":41},{"not_picked":["Rebound+1","Conserve Battery+1","Genetic Algorithm+1"],"picked":"SKIP","floor":42},{"not_picked":["Coolheaded+1","Sweeping Beam"],"picked":"Capacitor","floor":45},{"not_picked":["Leap+1","Barrage","Steam+1"],"picked":"SKIP","floor":46}],"player_experience":622047,"relics_obtained":[{"floor":7.0,"key":"DataDisk"},{"floor":8.0,"key":"Odd Mushroom"},{"floor":9.0,"key":"Oddly Smooth Stone"},{"floor":24.0,"key":"Bag of Marbles"},{"floor":26.0,"key":"Toxic Egg 2"},{"floor":27.0,"key":"Lizard Tail"},{"floor":29,"key":"Ancient Tea Set"},{"floor":43,"key":"Meat on the Bone"}],"event_choices":[{"damage_healed":0.0,"max_hp_gain":0.0,"max_hp_loss":7.0,"gold_gain":0.0,"event_name":"Golden Idol","player_choice":"Lose Max HP","floor":5.0,"gold_loss":0.0,"damage_taken":0.0,"relics_obtained":["Golden Idol"]},{"damage_healed":0.0,"max_hp_gain":0.0,"max_hp_loss":0.0,"gold_gain":0.0,"event_name":"Mushrooms","player_choice":"Fought Mushrooms","floor":8.0,"gold_loss":0.0,"damage_taken":0.0},{"damage_healed":0.0,"max_hp_gain":0.0,"max_hp_loss":0.0,"gold_gain":0.0,"event_name":"Scrap Ooze","player_choice":"Fled","floor":14.0,"gold_loss":0.0,"damage_taken":0.0},{"cards_removed":["Strike_B"],"damage_healed":0.0,"max_hp_gain":0.0,"max_hp_loss":0.0,"gold_gain":0.0,"event_name":"Purifier","player_choice":"Purged","floor":22.0,"gold_loss":0.0,"damage_taken":0.0},{"damage_healed":0,"gold_gain":0,"player_choice":"Max HP","damage_taken":0,"max_hp_gain":0,"max_hp_loss":3,"event_name":"Winding Halls","floor":36,"gold_loss":0},{"damage_healed":0,"gold_gain":0,"player_choice":"Ignored","damage_taken":0,"max_hp_gain":0,"max_hp_loss":0,"event_name":"SecretPortal","floor":37,"gold_loss":0},{"damage_healed":0,"gold_gain":0,"player_choice":"Upgrade","damage_taken":0,"max_hp_gain":0,"max_hp_loss":0,"event_name":"Designer","floor":47,"gold_loss":50,"cards_upgraded":["Capacitor"]}],"is_beta":false,"boss_relics":[{"not_picked":["Pandora\u0027s Box","Fusion Hammer"],"picked":"Snecko Eye"},{"not_picked":["Black Star","SacredBark"],"picked":"Sozu"}],"items_purged_floors":[4,19,38,44],"is_endless":false,"potions_floor_spawned":[1,3,8,11,16,20,21,27,28,33,35,39,45],"killed_by":"Time Eater","ascension_level":20}