{"gold_per_floor":[109,109,109,179,16,44,63,63,63,96,112,124,124,139,139,241,241,256,266,266,277,202,235,235,267,267,167,167,183,183,211,211,314,314,324,374,374,393,393,421,185,217,242,255,255,27,44,62,62,62,62,62,23,52,52],"floor_reached":56,"playtime":3109,"items_purged":["Strike_B","Strike_B","Defend_B"],"score":1831,"play_id":"1105c106-067f-4a56-b693-b54fb9186d8e","local_time":"20230927195125","is_ascension_mode":true,"campfire_choices":[{"data":"Apotheosis","floor":8.0,"key":"SMITH"},{"data":"Self Repair","floor":15,"key":"SMITH"},{"data":"Electrodynamics","floor":24,"key":"SMITH"},{"floor":30,"key":"REST"},{"data":"Heatsinks","floor":32,"key":"SMITH"},{"floor":45,"key":"RECALL"},{"floor":49,"key":"REST"},{"floor":52,"key":"REST"}],"neow_cost":"NONE","seed_source_timestamp":921864732143900,"circlet_count":0,"master_deck":["Defend_B+1","Zap","Dualcast","BootSequence","Apotheosis+1","Self Repair+1","Compile Driver","Darkness+1","Darkness+1","Conserve Battery+1","Aggregate+1","Electrodynamics+1","Compile Driver","Coolheaded+1","Rebound+1","Heatsinks+1","Redo+1","Fusion+1","Rebound+1","Biased Cognition+1","Ball Lightning+1","Compile Driver","Reinforced Body+1","Self Repair+1","Coolheaded+1","Go for the Eyes+1","Core Surge","Storm+1","Defragment+1"],"special_seed":0,"relics":["Cracked Core","NeowsBlessing","White Beast Statue","Mummified Hand","Toxic Egg 2","Kunai","Philosopher\u0027s Stone","Matryoshka","Frozen Egg 2","Potion Belt","StrikeDummy","Fusion Hammer","Incense Burner","Centennial Puzzle","Art of War","Bottled Tornado","Eternal Feather","Membership Card"],"potions_floor_usage":[23,31,55,55,55,55],"damage_taken":[{"damage":0.0,"enemies":"Jaw Worm","floor":1.0,"turns":1.0},{"damage":0.0,"enemies":"3 Sentries","floor":6.0,"turns":1.0},{"damage":0.0,"enemies":"Small Slimes","floor":7.0,"turns":1.0},{"damage":0.0,"enemies":"Lagavulin","floor":10.0,"turns":5.0},{"damage":0.0,"enemies":"Cultist","floor":11.0,"turns":3.0},{"damage":1.0,"enemies":"3 Louse","floor":12.0,"turns":3.0},{"damage":6,"enemies":"Looter","floor":14,"turns":4},{"damage":42,"enemies":"The Guardian","floor":16,"turns":9},{"damage":9,"enemies":"Chosen","floor":18,"turns":4},{"damage":11,"enemies":"Shell Parasite","floor":19,"turns":6},{"damage":3,"enemies":"3 Cultists","floor":21,"turns":3},{"damage":22,"enemies":"Slavers","floor":23,"turns":4},{"damage":28,"enemies":"Gremlin Leader","floor":25,"turns":8},{"damage":18,"enemies":"Cultist and Chosen","floor":29,"turns":6},{"damage":22,"enemies":"Slavers","floor":31,"turns":4},{"damage":31,"enemies":"Champ","floor":33,"turns":9},{"damage":32,"enemies":"3 Shapes","floor":35,"turns":3},{"damage":7,"enemies":"Mind Bloom Boss Battle","floor":36,"turns":4},{"damage":4,"enemies":"Orb Walker","floor":38,"turns":2},{"damage":0,"enemies":"Nemesis","floor":40,"turns":5},{"damage":17,"enemies":"Reptomancer","floor":42,"turns":4},{"damage":0,"enemies":"Maw","floor":44,"turns":5},{"damage":6,"enemies":"Spire Growth","floor":47,"turns":2},{"damage":8,"enemies":"Writhing Mass","floor":48,"turns":2},{"damage":34,"enemies":"Awakened One","floor":50,"turns":8},{"damage":17,"enemies":"Shield and Spear","floor":54,"turns":5},{"damage":34,"enemies":"The Heart","floor":55,"turns":6}],"seed_played":"-1244761208803449164","potions_obtained":[{"floor":6.0,"key":"GamblersBrew"},{"floor":7.0,"key":"Fire Potion"},{"floor":10.0,"key":"Fruit Juice"},{"floor":11.0,"key":"DistilledChaos"},{"floor":12.0,"key":"PowerPotion"},{"floor":14,"key":"FairyPotion"},{"floor":23,"key":"FocusPotion"},{"floor":29,"key":"GamblersBrew"},{"floor":31,"key":"Explosive Potion"},{"floor":33,"key":"Swift Potion"},{"floor":35,"key":"PowerPotion"}],"is_trial":false,"path_per_floor":["M","?","?","T","$","E","M","R","T","E","M","M","?","M","R","B",null,"M","M","?","M","$","E","R","E","T","$","?","M","R","E","R","B",null,"M","?","?","M","T","E","$","E","T","M","R","$","M","M","R","B",null,"R","$","E","B",null],"character_chosen":"DEFECT","items_purchased":["Apotheosis","Reinforced Body+1","Self Repair+1","Membership Card","Core Surge","Defragment+1"],"campfire_rested":3,"item_purchase_floors":[5,41,41,46,46,53],"current_hp_per_floor":[68,68,61,61,61,61,61,61,61,71,75,80,64,65,65,33,68,69,68,60,67,67,55,55,37,37,37,37,29,53,41,41,20,65,43,46,46,52,52,62,62,65,65,80,80,80,80,80,80,66,77,80,80,63,49],"gold":52,"neow_bonus":"THREE_ENEMY_KILL","is_prod":false,"is_daily":false,"chose_seed":false,"campfire_upgraded":4,"win_rate":0,"timestamp":1695869485,"path_taken":["M","?","?","?","$","E","M","R","T","E","?","M","?","M","R","BOSS","M","M","?","?","$","E","R","E","T","$","?","M","R","E","R","BOSS","M","?","?","M","?","E","$","E","T","M","R","$","?","M","R","BOSS","R","$","E","BOSS"],"build_version":"2022-12-18","purchased_purges":3,"victory":true,"max_hp_per_floor":[75,75,75,75,75,75,75,75,75,75,75,80,80,80,80,80,80,80,80,80,80,80,80,80,80,80,80,80,80,80,80,80,80,80,80,80,80,80,80,80,80,80,80,80,80,80,80,80,80,80,80,80,80,80,80],"card_choices":[{"not_picked":["Streamline","Steam Power"],"picked":"BootSequence","floor":1.0},{"not_picked":["Compile Driver","Force Field"],"picked":"Self Repair","floor":6.0},{"not_picked":["Conserve Battery","Self Repair"],"picked":"Compile Driver","floor":7.0},{"not_picked":["Steam Power+1","Reprogram+1"],"picked":"Darkness+1","floor":10.0},{"not_picked":["Turbo+1","Steam Power+1"],"picked":"Darkness+1","floor":11.0},{"not_picked":["Thunder Strike","Beam Cell"],"picked":"Conserve Battery+1","floor":12.0},{"not_picked":["Stack+1","Gash"],"picked":"Aggregate+1","floor":14},{"not_picked":["Reboot+1","Hyperbeam"],"picked":"Electrodynamics","floor":16},{"not_picked":["Rip and Tear+1","Double Energy+1"],"picked":"Compile Driver","floor":18},{"not_picked":["Hologram+1","Beam Cell"],"picked":"Coolheaded+1","floor":19},{"not_picked":["Cold Snap","Self Repair+1","Chill+1"],"picked":"SKIP","floor":21},{"not_picked":["Doom and Gloom+1","Tempest+1"],"picked":"Rebound+1","floor":23},{"not_picked":["Auto Shields+1","Thunder Strike"],"picked":"Heatsinks","floor":25},{"not_picked":["Chaos+1","Melter","Rebound+1"],"picked":"SKIP","floor":29},{"not_picked":["Chaos+1","Melter"],"picked":"Rebound+1","floor":29},{"not_picked":["Barrage","Beam Cell","Scrape"],"picked":"SKIP","floor":31},{"not_picked":["Echo Form+1","Seek+1"],"picked":"Biased Cognition+1","floor":33},{"not_picked":["Gash+1","Barrage"],"picked":"Ball Lightning+1","floor":35},{"not_picked":["Barrage+1","Self Repair+1"],"picked":"Compile Driver","floor":36},{"not_picked":["Hello World+1","Rainbow+1","Gash"],"picked":"SKIP","floor":38},{"not_picked":["Hello World+1","Storm+1","Streamline+1"],"picked":"SKIP","floor":40},{"not_picked":["Turbo+1","Redo+1"],"picked":"Coolheaded+1","floor":42},{"not_picked":["Gash+1","Turbo+1"],"picked":"Go for the Eyes+1","floor":44},{"not_picked":["Steam+1","Sweeping Beam+1"],"picked":"Storm+1","floor":47},{"not_picked":["Blizzard+1","Gash","Go for the Eyes"],"picked":"SKIP","floor":48},{"not_picked":["Barrage","Stack+1","Sweeping Beam"],"picked":"SKIP","floor":54}],"player_experience":776118,"relics_obtained":[{"floor":4.0,"key":"White Beast Statue"},{"floor":6.0,"key":"Mummified Hand"},{"floor":9.0,"key":"Toxic Egg 2"},{"floor":10.0,"key":"Kunai"},{"floor":25,"key":"Matryoshka"},{"floor":26,"key":"Frozen Egg 2"},{"floor":26,"key":"Potion Belt"},{"floor":31,"key":"StrikeDummy"},{"floor":36,"key":"Incense Burner"},{"floor":39,"key":"Centennial Puzzle"},{"floor":39,"key":"Art of War"},{"floor":40,"key":"Bottled Tornado"},{"floor":42,"key":"Eternal Feather"}],"event_choices":[{"cards_removed":["Strike_B"],"damage_healed":0.0,"max_hp_gain":0.0,"max_hp_loss":0.0,"gold_gain":0.0,"event_name":"Living Wall","player_choice":"Forget","floor":2.0,"gold_loss":0.0,"damage_taken":0.0},{"cards_removed":["Defend_B"],"damage_healed":0.0,"max_hp_gain":0.0,"max_hp_loss":0.0,"gold_gain":0.0,"event_name":"Golden Wing","player_choice":"Card Removal","floor":3.0,"gold_loss":0.0,"damage_taken":7.0},{"damage_healed":0,"gold_gain":0,"player_choice":"Entered Light","damage_taken":16,"max_hp_gain":0,"max_hp_loss":0,"event_name":"Shining Light","floor":13,"gold_loss":0,"cards_upgraded":["Defend_B","Strike_B"]},{"damage_healed":0,"gold_gain":0,"player_choice":"Damaged","damage_taken":8,"max_hp_gain":0,"max_hp_loss":0,"event_name":"Wheel of Change","floor":20,"gold_loss":0},{"damage_healed":0,"gold_gain":0,"cards_transformed":["Strike_B","Defend_B"],"player_choice":"Became Test Subject","damage_taken":0,"max_hp_gain":0,"max_hp_loss":0,"event_name":"Drug Dealer","floor":28,"gold_loss":0,"cards_obtained":["Redo","Fusion"]},{"damage_healed":0,"gold_gain":0,"player_choice":"Fight","damage_taken":0,"max_hp_gain":0,"max_hp_loss":0,"event_name":"MindBloom","floor":36,"gold_loss":0},{"damage_healed":0,"gold_gain":0,"player_choice":"Ignored","damage_taken":0,"max_hp_gain":0,"max_hp_loss":0,"event_name":"Tomb of Lord Red Mask","floor":37,"gold_loss":0}],"is_beta":false,"boss_relics":[{"not_picked":["SlaversCollar","Nuclear Battery"],"picked":"Philosopher\u0027s Stone"},{"not_picked":["Pandora\u0027s Box","Black Star"],"picked":"Fusion Hammer"}],"items_purged_floors":[22,27,41],"is_endless":false,"potions_floor_spawned":[6,7,10,11,12,14,16,18,19,21,23,25,29,31,33,35,36,38,40,42,44,47,48,54],"ascension_level":9}