{"gold_per_floor":[13,24,24,40,40,40,75,0,51,51,66,101,101,114,114,239,239,262,282,282,207,64,64,64,64,88,126,126],"floor_reached":28,"playtime":2015,"items_purged":["Strike_B"],"score":342,"play_id":"b8481183-9725-4621-b2b7-25ae3281b8b5","local_time":"20230926013217","is_ascension_mode":true,"campfire_choices":[{"data":"Rebound","floor":6,"key":"SMITH"},{"data":"Rip and Tear","floor":10,"key":"SMITH"},{"data":"Rip and Tear","floor":13,"key":"SMITH"},{"data":"Beam Cell","floor":15,"key":"SMITH"},{"data":"Self Repair","floor":23,"key":"SMITH"}],"neow_cost":"NO_GOLD","seed_source_timestamp":770636185877800,"circlet_count":0,"master_deck":["Defend_B","Defend_B","Zap","Dualcast","Rebound+1","Undo","Conserve Battery","Heatsinks","Rip and Tear+1","Coolheaded","Rip and Tear+1","Beam Cell+1","Machine Learning","Hologram","Self Repair+1","RitualDagger","Reprogram+1"],"relics":["Cracked Core","Golden Idol","Juzu Bracelet","Oddly Smooth Stone","Gremlin Horn","SlaversCollar","ClockworkSouvenir","Darkstone Periapt"],"potions_floor_usage":[7,16,27],"damage_taken":[{"damage":2,"enemies":"Jaw Worm","floor":1,"turns":3},{"damage":5,"enemies":"Small Slimes","floor":2,"turns":3},{"damage":0,"enemies":"2 Louse","floor":4,"turns":4},{"damage":18,"enemies":"Gremlin Nob","floor":7,"turns":3},{"damage":7,"enemies":"Blue Slaver","floor":11,"turns":2},{"damage":4,"enemies":"Lagavulin","floor":12,"turns":8},{"damage":0,"enemies":"Large Slime","floor":14,"turns":5},{"damage":16,"enemies":"Slime Boss","floor":16,"turns":8},{"damage":0,"enemies":"Chosen","floor":18,"turns":5},{"damage":12,"enemies":"Shell Parasite","floor":19,"turns":5},{"damage":32,"enemies":"Slavers","floor":27,"turns":4},{"damage":18,"enemies":"Snake Plant","floor":28,"turns":4}],"seed_played":"-3567327883753555748","potions_obtained":[{"floor":2,"key":"SteroidPotion"},{"floor":4,"key":"DuplicationPotion"},{"floor":14,"key":"SteroidPotion"}],"is_trial":false,"path_per_floor":["M","M","?","M","?","R","E","$","T","R","M","E","R","M","R","B",null,"M","M","?","?","$","R","?","?","T","E","M"],"character_chosen":"DEFECT","items_purchased":["ClockworkSouvenir"],"campfire_rested":0,"item_purchase_floors":[22],"current_hp_per_floor":[66,61,61,61,61,61,43,43,43,43,36,32,32,32,32,16,56,56,44,44,44,44,44,44,38,38,16,0],"gold":126,"neow_bonus":"REMOVE_TWO","is_prod":false,"is_daily":false,"chose_seed":false,"campfire_upgraded":5,"win_rate":0,"timestamp":1695717137,"path_taken":["M","M","?","M","?","R","E","$","T","R","M","E","R","M","R","BOSS","M","M","?","?","$","R","?","?","T","E","M"],"build_version":"2022-12-18","purchased_purges":1,"victory":false,"max_hp_per_floor":[75,75,69,69,69,69,69,69,69,69,69,69,69,69,69,69,69,69,69,69,69,69,69,69,69,69,69,69],"card_choices":[{"not_picked":["Gash","Compile Driver"],"picked":"Rebound","floor":1},{"not_picked":["Coolheaded","Hologram"],"picked":"Undo","floor":2},{"not_picked":["Go for the Eyes","Compile Driver"],"picked":"Conserve Battery","floor":4},{"not_picked":["Hologram","Steam"],"picked":"Rip and Tear","floor":7},{"not_picked":["Turbo","Recycle"],"picked":"Coolheaded","floor":11},{"not_picked":["Cold Snap","Conserve Battery"],"picked":"Rip and Tear","floor":12},{"not_picked":["FTL","Stack"],"picked":"Beam Cell","floor":14},{"not_picked":["Thunder Strike","Multi-Cast"],"picked":"Machine Learning","floor":16},{"not_picked":["Sweeping Beam","Ball Lightning"],"picked":"Hologram","floor":18},{"not_picked":["Turbo","Beam Cell+1"],"picked":"Self Repair","floor":19},{"not_picked":["Hello World+1","Capacitor+1"],"picked":"Reprogram+1","floor":27}],"player_experience":756702,"relics_obtained":[{"floor":7,"key":"Juzu Bracelet"},{"floor":9,"key":"Oddly Smooth Stone"},{"floor":12,"key":"Gremlin Horn"},{"floor":27,"key":"Darkstone Periapt"}],"event_choices":[{"damage_healed":0,"gold_gain":0,"player_choice":"Lose Max HP","damage_taken":0,"relics_obtained":["Golden Idol"],"max_hp_gain":0,"max_hp_loss":6,"event_name":"Golden Idol","floor":3,"gold_loss":0},{"damage_healed":0,"gold_gain":0,"cards_transformed":["Defend_B"],"player_choice":"Change","damage_taken":0,"max_hp_gain":0,"max_hp_loss":0,"event_name":"Living Wall","floor":5,"gold_loss":0,"cards_obtained":["Heatsinks"]},{"cards_removed":["Strike_B"],"damage_healed":0,"gold_gain":0,"player_choice":"Elegance","damage_taken":0,"max_hp_gain":0,"max_hp_loss":0,"event_name":"Back to Basics","floor":20,"gold_loss":0},{"cards_removed":["Strike_B"],"damage_healed":0,"gold_gain":0,"player_choice":"Gave Gold","damage_taken":0,"max_hp_gain":0,"max_hp_loss":0,"event_name":"Beggar","floor":21,"gold_loss":75},{"damage_healed":0,"gold_gain":0,"player_choice":"Ignored","damage_taken":0,"max_hp_gain":0,"max_hp_loss":0,"event_name":"The Mausoleum","floor":24,"gold_loss":0},{"damage_healed":0,"gold_gain":0,"player_choice":"Joined the Cult","damage_taken":6,"max_hp_gain":0,"max_hp_loss":0,"event_name":"Nest","floor":25,"gold_loss":0,"cards_obtained":["RitualDagger"]}],"is_beta":false,"boss_relics":[{"not_picked":["Tiny House","Inserter"],"picked":"SlaversCollar"}],"items_purged_floors":[8],"is_endless":false,"potions_floor_spawned":[2,4,14],"killed_by":"Snake Plant","ascension_level":8}