{"gold_per_floor":[111,131,149,162,162,162,180,199,199,199,219,219,219,229,229,303,303,320,333,47,60,75,75,104,104,104,4,34,34,53,53,53,130,130,140,140,140,40,51,51,51,51,51,65,65,117,144,144,144,144,144],"floor_reached":52,"playtime":2790,"items_purged":["Strike_B","Pain"],"score":1770,"play_id":"fb0f085a-1645-40d4-8413-d23cd28e0e48","local_time":"20230917215842","is_ascension_mode":true,"campfire_choices":[{"data":"Dualcast","floor":6,"key":"SMITH"},{"data":"Defragment","floor":10,"key":"SMITH"},{"data":"Zap","floor":13,"key":"SMITH"},{"data":"Coolheaded","floor":15,"key":"SMITH"},{"data":"Electrodynamics","floor":23,"key":"SMITH"},{"data":"Machine Learning","floor":25,"key":"SMITH"},{"data":"Coolheaded","floor":32,"key":"SMITH"},{"data":"Chill","floor":40,"key":"SMITH"},{"data":"Biased Cognition","floor":41,"key":"SMITH"},{"data":"Reboot","floor":42,"key":"SMITH"},{"data":"Steam Power","floor":45,"key":"SMITH"},{"data":"Panacea","floor":49,"key":"SMITH"}],"neow_cost":"NONE","seed_source_timestamp":65790186218400,"circlet_count":0,"master_deck":["AscendersBane","Zap+1","Dualcast+1","Ball Lightning","Coolheaded+1","Defragment+1","Coolheaded+1","Defragment+1","Electrodynamics+1","Chill+1","Self Repair","Machine Learning+1","Steam Power+1","Biased Cognition+1","Stack","Reboot+1","Turbo","Creative AI","Self Repair","Gash","Glacier+1","Panacea+1","Double Energy+1","Clumsy"],"relics":["Cracked Core","Cables","Odd Mushroom","Cursed Key","Bag of Preparation","WingedGreaves","InkBottle","Centennial Puzzle","Pandora\u0027s Box","Pantograph","Mango","Ginger"],"potions_floor_usage":[18,22,50,50],"damage_taken":[{"damage":0,"enemies":"Cultist","floor":1,"turns":3},{"damage":0,"enemies":"Small Slimes","floor":2,"turns":3},{"damage":5,"enemies":"2 Louse","floor":3,"turns":2},{"damage":13,"enemies":"Large Slime","floor":4,"turns":6},{"damage":9,"enemies":"Lots of Slimes","floor":7,"turns":3},{"damage":6,"enemies":"3 Louse","floor":8,"turns":3},{"damage":7,"enemies":"The Mushroom Lair","floor":11,"turns":4},{"damage":7,"enemies":"Blue Slaver","floor":14,"turns":3},{"damage":28,"enemies":"Slime Boss","floor":16,"turns":11},{"damage":1,"enemies":"3 Byrds","floor":18,"turns":2},{"damage":14,"enemies":"Shell Parasite","floor":19,"turns":4},{"damage":0,"enemies":"Sentry and Sphere","floor":21,"turns":5},{"damage":0,"enemies":"Cultist and Chosen","floor":22,"turns":4},{"damage":9,"enemies":"Book of Stabbing","floor":24,"turns":5},{"damage":7,"enemies":"Slavers","floor":28,"turns":5},{"damage":12,"enemies":"Shelled Parasite and Fungi","floor":30,"turns":3},{"damage":49,"enemies":"Champ","floor":33,"turns":12},{"damage":5,"enemies":"Orb Walker","floor":35,"turns":3},{"damage":0,"enemies":"3 Darklings","floor":39,"turns":3},{"damage":7,"enemies":"Writhing Mass","floor":44,"turns":3},{"damage":1,"enemies":"2 Orb Walkers","floor":46,"turns":2},{"damage":30,"enemies":"Nemesis","floor":47,"turns":9},{"damage":25,"enemies":"Awakened One","floor":50,"turns":23},{"damage":38,"enemies":"Time Eater","floor":51,"turns":14}],"seed_played":"-125286914119149679","potions_obtained":[{"floor":3,"key":"GamblersBrew"},{"floor":7,"key":"LiquidBronze"},{"floor":16,"key":"FocusPotion"},{"floor":18,"key":"Swift Potion"},{"floor":22,"key":"Fruit Juice"},{"floor":35,"key":"Swift Potion"}],"is_trial":false,"path_per_floor":["M","M","M","M","?","R","M","M","T","R","?","?","R","M","R","B",null,"M","M","$","M","M","R","E","R","T","$","E","$","M","?","R","B",null,"M","?","?","$","M","R","R","R","T","M","R","?","E","?","R","B","B",null],"character_chosen":"DEFECT","items_purchased":["Bag of Preparation","Chill","Panacea"],"campfire_rested":0,"item_purchase_floors":[20,20,38],"current_hp_per_floor":[71,71,66,53,53,53,44,38,38,38,31,88,88,81,81,53,79,78,64,64,64,69,69,67,67,67,67,67,67,62,62,62,20,75,77,77,77,77,84,84,84,84,84,91,91,107,91,91,91,91,78],"gold":144,"neow_bonus":"TEN_PERCENT_HP_BONUS","is_prod":false,"is_daily":false,"chose_seed":false,"campfire_upgraded":12,"win_rate":0,"timestamp":1695013122,"path_taken":["M","M","M","?","?","R","M","M","T","R","?","?","R","M","R","BOSS","M","M","$","M","M","R","E","R","T","$","E","$","?","?","R","BOSS","M","?","?","$","M","R","R","R","T","M","R","?","E","?","R","BOSS","BOSS"],"build_version":"2022-12-18","purchased_purges":2,"victory":true,"max_hp_per_floor":[78,78,78,78,78,78,78,78,78,78,78,88,88,88,88,88,88,88,88,88,88,93,93,93,93,93,93,93,93,93,93,93,93,93,93,93,93,93,93,93,93,93,93,93,93,107,107,102,102,102,102],"card_choices":[{"not_picked":["Leap","Double Energy"],"picked":"Ball Lightning","floor":1},{"not_picked":["Rebound","Barrage"],"picked":"Coolheaded","floor":2},{"not_picked":["Leap","Reinforced Body"],"picked":"Defragment","floor":3},{"not_picked":["Stack","Leap"],"picked":"Coolheaded","floor":4},{"not_picked":["Stack","Aggregate","Redo"],"picked":"SKIP","floor":7},{"not_picked":["Coolheaded","FTL"],"picked":"Defragment","floor":8},{"not_picked":["Streamline","Turbo"],"picked":"Machine Learning","floor":11},{"not_picked":["Doom and Gloom","Static Discharge","Genetic Algorithm"],"picked":"SKIP","floor":14},{"not_picked":["Multi-Cast","Machine Learning"],"picked":"Electrodynamics","floor":16},{"not_picked":["Redo","White Noise","Steam"],"picked":"SKIP","floor":18},{"not_picked":["Rip and Tear","Sweeping Beam","Redo"],"picked":"SKIP","floor":19},{"not_picked":["BootSequence","Force Field","Sweeping Beam+1"],"picked":"SKIP","floor":21},{"not_picked":["Hologram","Sunder+1"],"picked":"Self Repair","floor":22},{"not_picked":["Streamline","Beam Cell"],"picked":"Machine Learning","floor":24},{"not_picked":["Static Discharge","Conserve Battery"],"picked":"Steam Power","floor":28},{"not_picked":["Beam Cell","Steam","Compile Driver"],"picked":"SKIP","floor":30},{"not_picked":["Electrodynamics","All For One"],"picked":"Biased Cognition","floor":33},{"not_picked":["Blizzard","Turbo+1"],"picked":"Glacier+1","floor":35},{"not_picked":["Barrage","Streamline+1"],"picked":"Double Energy+1","floor":39},{"not_picked":["Gash","Hologram","Chaos"],"picked":"SKIP","floor":44},{"not_picked":["Rip and Tear","Stack","Heatsinks"],"picked":"SKIP","floor":47}],"player_experience":625283,"relics_obtained":[{"floor":9,"key":"Cables"},{"floor":11,"key":"Odd Mushroom"},{"floor":24,"key":"WingedGreaves"},{"floor":26,"key":"InkBottle"},{"floor":28,"key":"Centennial Puzzle"},{"floor":43,"key":"Pantograph"},{"floor":46,"key":"Mango"},{"floor":47,"key":"Ginger"}],"event_choices":[{"damage_healed":0,"gold_gain":0,"player_choice":"Grow","damage_taken":0,"max_hp_gain":0,"max_hp_loss":0,"event_name":"Living Wall","floor":5,"gold_loss":0,"cards_upgraded":["Defragment"]},{"damage_healed":0,"gold_gain":0,"player_choice":"Fought Mushrooms","damage_taken":0,"max_hp_gain":0,"max_hp_loss":0,"event_name":"Mushrooms","floor":11,"gold_loss":0},{"cards_removed":["Machine Learning"],"damage_healed":47,"gold_gain":0,"player_choice":"Offered Rare","damage_taken":0,"max_hp_gain":10,"max_hp_loss":0,"event_name":"Bonfire Elementals","floor":12,"gold_loss":0},{"damage_healed":0,"gold_gain":0,"player_choice":"Ignored","damage_taken":0,"max_hp_gain":0,"max_hp_loss":0,"event_name":"Vampires","floor":31,"gold_loss":0},{"damage_healed":0,"gold_gain":0,"player_choice":"Memory 1","damage_taken":0,"max_hp_gain":0,"max_hp_loss":0,"event_name":"SensoryStone","floor":36,"gold_loss":0},{"cards_removed":["FTL"],"damage_healed":0,"gold_gain":0,"player_choice":"Removed Attack","damage_taken":0,"max_hp_gain":0,"max_hp_loss":0,"event_name":"Falling","floor":37,"gold_loss":0},{"damage_healed":0,"gold_gain":0,"player_choice":"Fight","damage_taken":0,"max_hp_gain":0,"max_hp_loss":0,"event_name":"Mysterious Sphere","floor":46,"gold_loss":0},{"damage_healed":0,"gold_gain":0,"player_choice":"Max HP","damage_taken":0,"max_hp_gain":0,"max_hp_loss":5,"event_name":"Winding Halls","floor":48,"gold_loss":0}],"is_beta":false,"boss_relics":[{"not_picked":["FrozenCore","Runic Dome"],"picked":"Cursed Key"},{"not_picked":["Tiny House","Fusion Hammer"],"picked":"Pandora\u0027s Box"}],"items_purged_floors":[20,27],"is_endless":false,"potions_floor_spawned":[3,7,11,16,18,19,22,35,39,47],"ascension_level":20}