{"gold_per_floor":[112,123,134,151,98,130,147,147,173,185,219,235,268,282,282,377,377,394,319,333,432,432,466,190,190,239,268,268,285,285,313,313,412,412,425,425,647,659,659,691,691,710,710,710,735,735,754,218,218,218,218,218,66,108,108],"floor_reached":55,"playtime":2570,"items_purged":["Strike_B","Defend_B"],"score":1015,"play_id":"51f07b87-33c0-44cc-af9c-63a94df12245","local_time":"20230926005830","is_ascension_mode":true,"campfire_choices":[{"data":"Dualcast","floor":8,"key":"SMITH"},{"data":"Consume","floor":15,"key":"SMITH"},{"data":"Biased Cognition","floor":25,"key":"SMITH"},{"data":"Hologram","floor":28,"key":"SMITH"},{"data":"Aggregate","floor":30,"key":"SMITH"},{"floor":32,"key":"REST"},{"data":"Fission","floor":41,"key":"SMITH"},{"data":"Coolheaded","floor":44,"key":"SMITH"},{"floor":46,"key":"RECALL"},{"floor":49,"key":"REST"},{"data":"Heatsinks","floor":52,"key":"SMITH"}],"neow_cost":"NONE","seed_source_timestamp":768056402990200,"circlet_count":0,"master_deck":["Defend_B","Defend_B","Zap","Dualcast+1","Self Repair","Ball Lightning","Reinforced Body","Double Energy","Cold Snap","FTL","Ball Lightning","Go for the Eyes","Lockon","Consume+1","Biased Cognition+1","Steam+1","Tempest","Rebound","Hologram+1","Aggregate+1","Coolheaded+1","Fission+1","Compile Driver+1","Aggregate+1","Heatsinks+1","Storm","Cold Snap+1"],"relics":["Cracked Core","Regal Pillow","Anchor","Ancient Tea Set","Boot","Gambling Chip","Sozu","Bottled Lightning","Runic Capacitor","Question Card","Red Mask","Empty Cage","StrikeDummy","CeramicFish","OrangePellets","TungstenRod","Strawberry","DataDisk"],"potions_floor_usage":[6,11,23,23,55],"damage_taken":[{"damage":0,"enemies":"2 Louse","floor":1,"turns":2},{"damage":6,"enemies":"Cultist","floor":2,"turns":4},{"damage":0,"enemies":"Small Slimes","floor":3,"turns":2},{"damage":1,"enemies":"Looter","floor":4,"turns":3},{"damage":22,"enemies":"Lagavulin","floor":6,"turns":6},{"damage":7,"enemies":"3 Louse","floor":7,"turns":3},{"damage":16,"enemies":"Large Slime","floor":10,"turns":6},{"damage":9,"enemies":"Gremlin Nob","floor":11,"turns":4},{"damage":13,"enemies":"Blue Slaver","floor":12,"turns":3},{"damage":9,"enemies":"3 Sentries","floor":13,"turns":5},{"damage":2,"enemies":"2 Fungi Beasts","floor":14,"turns":2},{"damage":39,"enemies":"Hexaghost","floor":16,"turns":6},{"damage":0,"enemies":"Chosen","floor":18,"turns":3},{"damage":7,"enemies":"Shell Parasite","floor":20,"turns":4},{"damage":29,"enemies":"Gremlin Leader","floor":23,"turns":6},{"damage":14,"enemies":"Slavers","floor":27,"turns":3},{"damage":8,"enemies":"Centurion and Healer","floor":29,"turns":7},{"damage":19,"enemies":"Masked Bandits","floor":31,"turns":3},{"damage":47,"enemies":"Automaton","floor":33,"turns":10},{"damage":1,"enemies":"3 Darklings","floor":35,"turns":4},{"damage":0,"enemies":"Orb Walker","floor":38,"turns":3},{"damage":43,"enemies":"Giant Head","floor":40,"turns":7},{"damage":11,"enemies":"3 Darklings","floor":42,"turns":7},{"damage":3,"enemies":"4 Shapes","floor":45,"turns":6},{"damage":0,"enemies":"Jaw Worm Horde","floor":47,"turns":3},{"damage":59,"enemies":"Donu and Deca","floor":50,"turns":10},{"damage":74,"enemies":"Shield and Spear","floor":54,"turns":5},{"damage":9,"enemies":"The Heart","floor":55,"turns":5}],"seed_played":"-8993288394128967686","potions_obtained":[{"floor":2,"key":"BlessingOfTheForge"},{"floor":3,"key":"ColorlessPotion"},{"floor":10,"key":"BlessingOfTheForge"},{"floor":12,"key":"PotionOfCapacity"},{"floor":14,"key":"Fire Potion"}],"is_trial":false,"path_per_floor":["M","M","M","M","?","E","M","R","T","M","E","M","E","M","R","B",null,"M","?","M","?","?","E","$","R","T","E","R","M","R","?","R","B",null,"M","?","?","M","?","E","R","M","T","R","M","R","M","$","R","B",null,"R","$","E","B"],"character_chosen":"DEFECT","items_purchased":["Runic Capacitor","Rebound","OrangePellets","TungstenRod","Strawberry"],"campfire_rested":2,"item_purchase_floors":[24,24,48,48,53],"current_hp_per_floor":[75,76,76,75,75,60,60,60,60,51,52,46,44,49,49,17,66,73,73,66,66,66,44,44,44,44,30,30,29,29,17,56,16,66,65,65,65,72,72,36,36,32,32,32,36,36,43,43,82,30,69,69,76,9,0],"gold":108,"neow_bonus":"TEN_PERCENT_HP_BONUS","is_prod":false,"is_daily":false,"chose_seed":false,"campfire_upgraded":8,"win_rate":0,"timestamp":1695715110,"path_taken":["M","M","M","M","?","E","M","R","T","M","E","M","E","?","R","BOSS","M","?","M","?","?","E","$","R","T","E","R","M","R","?","R","BOSS","M","?","?","M","?","E","R","?","T","R","M","R","M","$","R","BOSS","R","$","E","BOSS"],"build_version":"2022-12-18","purchased_purges":2,"victory":false,"max_hp_per_floor":[82,82,82,82,82,82,82,82,82,82,82,82,82,82,82,82,82,82,82,82,82,82,82,82,82,82,82,82,82,82,82,82,82,82,82,82,82,82,82,82,82,82,82,82,82,82,82,82,82,82,82,82,89,89,89],"card_choices":[{"not_picked":["Hologram","Barrage"],"picked":"Self Repair","floor":1},{"not_picked":["Barrage","Self Repair"],"picked":"Ball Lightning","floor":2},{"not_picked":["Compile Driver","Steam"],"picked":"Reinforced Body","floor":3},{"not_picked":["Barrage","Streamline","Leap"],"picked":"SKIP","floor":4},{"not_picked":["Barrage","Streamline","Leap"],"picked":"SKIP","floor":4},{"not_picked":["Beam Cell","Skim"],"picked":"Double Energy","floor":6},{"not_picked":["Redo","Conserve Battery"],"picked":"Cold Snap","floor":7},{"not_picked":["Steam Power","Meteor Strike"],"picked":"FTL","floor":10},{"not_picked":["Rebound","Auto Shields"],"picked":"Ball Lightning","floor":11},{"not_picked":["Leap","Scrape"],"picked":"Go for the Eyes","floor":12},{"not_picked":["Storm","Recycle"],"picked":"Lockon","floor":13},{"not_picked":["Scrape","Conserve Battery"],"picked":"Consume","floor":14},{"not_picked":["Machine Learning","Meteor Strike"],"picked":"Biased Cognition","floor":16},{"not_picked":["Heatsinks","Storm"],"picked":"Steam+1","floor":18},{"not_picked":["Leap","Turbo","Rip and Tear+1"],"picked":"SKIP","floor":20},{"not_picked":["Reboot","Stack"],"picked":"Tempest","floor":23},{"not_picked":["Doom and Gloom+1","Cold Snap"],"picked":"Hologram","floor":27},{"not_picked":["Beam Cell","Leap+1","Ball Lightning"],"picked":"Aggregate","floor":29},{"not_picked":["Compile Driver","Barrage","Hologram+1"],"picked":"Coolheaded","floor":31},{"not_picked":["Core Surge","Multi-Cast","Biased Cognition"],"picked":"Fission","floor":33},{"not_picked":["Gash","Melter+1","Steam Power"],"picked":"Compile Driver+1","floor":35},{"not_picked":["Barrage+1","Gash","FTL"],"picked":"Aggregate+1","floor":38},{"not_picked":["Leap","Blizzard+1","All For One","Rip and Tear+1"],"picked":"SKIP","floor":40},{"not_picked":["Barrage","Hologram","FTL+1","Genetic Algorithm"],"picked":"SKIP","floor":42},{"not_picked":["Lockon+1","Sweeping Beam","Ball Lightning+1"],"picked":"Storm","floor":45},{"not_picked":["Reinforced Body","Leap","Conserve Battery","Scrape+1"],"picked":"SKIP","floor":47},{"not_picked":["Compile Driver+1","Stack+1","Sweeping Beam"],"picked":"Cold Snap+1","floor":54}],"player_experience":754132,"relics_obtained":[{"floor":6,"key":"Anchor"},{"floor":9,"key":"Ancient Tea Set"},{"floor":11,"key":"Boot"},{"floor":13,"key":"Gambling Chip"},{"floor":23,"key":"Bottled Lightning"},{"floor":27,"key":"Question Card"},{"floor":31,"key":"Red Mask"},{"floor":40,"key":"StrikeDummy"},{"floor":43,"key":"CeramicFish"},{"floor":54,"key":"DataDisk"}],"event_choices":[{"damage_healed":0,"gold_gain":0,"player_choice":"Paid Gold","damage_taken":0,"relics_obtained":["Regal Pillow"],"max_hp_gain":0,"max_hp_loss":0,"event_name":"WeMeetAgain","floor":5,"gold_loss":53},{"cards_removed":["Strike_B"],"damage_healed":0,"gold_gain":0,"player_choice":"Gave Gold","damage_taken":0,"max_hp_gain":0,"max_hp_loss":0,"event_name":"Beggar","floor":19,"gold_loss":75},{"damage_healed":0,"gold_gain":99,"player_choice":"Stole From Cult","damage_taken":0,"max_hp_gain":0,"max_hp_loss":0,"event_name":"Nest","floor":21,"gold_loss":0},{"damage_healed":0,"gold_gain":0,"player_choice":"Ignored","damage_taken":0,"max_hp_gain":0,"max_hp_loss":0,"event_name":"Vampires","floor":22,"gold_loss":0},{"damage_healed":0,"gold_gain":0,"player_choice":"Fought Bandits","damage_taken":0,"max_hp_gain":0,"max_hp_loss":0,"event_name":"Masked Bandits","floor":31,"gold_loss":0},{"damage_healed":0,"gold_gain":0,"player_choice":"Memory 1","damage_taken":0,"max_hp_gain":0,"max_hp_loss":0,"event_name":"SensoryStone","floor":36,"gold_loss":0},{"damage_healed":0,"gold_gain":222,"player_choice":"Wore Mask","damage_taken":0,"max_hp_gain":0,"max_hp_loss":0,"event_name":"Tomb of Lord Red Mask","floor":37,"gold_loss":0},{"damage_healed":0,"gold_gain":0,"cards_transformed":["Defend_B"],"player_choice":"Transformed","damage_taken":0,"max_hp_gain":0,"max_hp_loss":0,"event_name":"Transmorgrifier","floor":39,"gold_loss":0,"cards_obtained":["Heatsinks"]}],"is_beta":false,"boss_relics":[{"not_picked":["Nuclear Battery","Snecko Eye"],"picked":"Sozu"},{"not_picked":["Cursed Key","Philosopher\u0027s Stone"],"picked":"Empty Cage"}],"items_purged_floors":[24,48],"is_endless":false,"potions_floor_spawned":[2,3,10,12,14,16,20,29,31,35,40,54],"killed_by":"The Heart","ascension_level":8}