{"gold_per_floor":[113,123,141,160,110,140,140,140,140,140,175,194,194,211,211,306,306,318,136,154,154,173,173,191,66,89,188,215,215,215,235,235,330,330,347,347,392,392,742,742,768,768,792,804,824,824,852,866,866,866,866,866,10,38,38],"floor_reached":56,"playtime":2738,"items_purged":["Strike_B","Injury"],"score":1458,"play_id":"c14771ed-8cae-4a59-a3d4-177c1b6c65fc","local_time":"20230919174302","is_ascension_mode":true,"campfire_choices":[{"data":"Chill","floor":8,"key":"SMITH"},{"data":"Zap","floor":13,"key":"SMITH"},{"data":"Beam Cell","floor":15,"key":"SMITH"},{"data":"Aggregate","floor":23,"key":"SMITH"},{"data":"Buffer","floor":29,"key":"SMITH"},{"data":"Capacitor","floor":32,"key":"SMITH"},{"data":"Machine Learning","floor":40,"key":"SMITH"},{"floor":46,"key":"REST"},{"floor":49,"key":"RECALL"},{"data":"Coolheaded","floor":52,"key":"SMITH"}],"neow_cost":"NONE","seed_source_timestamp":223316161347300,"circlet_count":0,"master_deck":["Defend_B+1","Zap+1","Dualcast","Defragment+1","Beam Cell+1","Cold Snap","Coolheaded+1","Chill+1","Electrodynamics","Coolheaded+1","Buffer+1","Aggregate+1","Capacitor+1","Tempest+1","Barrage","Scrape","Core Surge","Ball Lightning","Hologram+1","Machine Learning+1","Turbo+1","Defragment+1","Leap+1","Steam Power+1","Coolheaded","Compile Driver"],"relics":["Cracked Core","White Beast Statue","Letter Opener","Torii","The Courier","Empty Cage","Emotion Chip","Cursed Key","Girya","Old Coin","Mango","Bronze Scales","Blood Vial","War Paint","Lee\u0027s Waffle","Bottled Flame","Lantern","StrikeDummy"],"potions_floor_usage":[16,33,41,41,55,55,55],"damage_taken":[{"damage":4,"enemies":"Small Slimes","floor":1,"turns":4},{"damage":1,"enemies":"2 Louse","floor":2,"turns":3},{"damage":0,"enemies":"Jaw Worm","floor":3,"turns":3},{"damage":6,"enemies":"2 Fungi Beasts","floor":4,"turns":4},{"damage":38,"enemies":"3 Sentries","floor":6,"turns":11},{"damage":0,"enemies":"Lagavulin","floor":11,"turns":6},{"damage":7,"enemies":"3 Louse","floor":12,"turns":2},{"damage":6,"enemies":"Looter","floor":14,"turns":2},{"damage":0,"enemies":"Hexaghost","floor":16,"turns":9},{"damage":0,"enemies":"Spheric Guardian","floor":18,"turns":4},{"damage":10,"enemies":"2 Thieves","floor":20,"turns":4},{"damage":0,"enemies":"Cultist and Chosen","floor":22,"turns":5},{"damage":8,"enemies":"Centurion and Healer","floor":24,"turns":5},{"damage":17,"enemies":"Book of Stabbing","floor":28,"turns":5},{"damage":0,"enemies":"Sentry and Sphere","floor":31,"turns":4},{"damage":1,"enemies":"Automaton","floor":33,"turns":9},{"damage":0,"enemies":"Orb Walker","floor":35,"turns":4},{"damage":26,"enemies":"2 Orb Walkers","floor":37,"turns":5},{"damage":0,"enemies":"Mind Bloom Boss Battle","floor":39,"turns":5},{"damage":23,"enemies":"Giant Head","floor":41,"turns":7},{"damage":6,"enemies":"3 Shapes","floor":44,"turns":4},{"damage":1,"enemies":"Sphere and 2 Shapes","floor":45,"turns":4},{"damage":1,"enemies":"Reptomancer","floor":47,"turns":5},{"damage":11,"enemies":"4 Shapes","floor":48,"turns":4},{"damage":37,"enemies":"Awakened One","floor":50,"turns":13},{"damage":50,"enemies":"Shield and Spear","floor":54,"turns":5},{"damage":24,"enemies":"The Heart","floor":55,"turns":9}],"seed_played":"7209782669401119260","potions_obtained":[{"floor":1,"key":"SteroidPotion"},{"floor":11,"key":"DuplicationPotion"},{"floor":12,"key":"Fire Potion"},{"floor":16,"key":"Explosive Potion"},{"floor":22,"key":"Fire Potion"},{"floor":24,"key":"Dexterity Potion"},{"floor":33,"key":"Swift Potion"},{"floor":41,"key":"FocusPotion"},{"floor":44,"key":"SpeedPotion"},{"floor":47,"key":"CultistPotion"}],"is_trial":false,"path_per_floor":["M","M","M","M","?","E","?","R","T","T","E","M","R","M","R","B",null,"M","$","M","?","M","R","M","$","T","?","E","R","?","M","R","B",null,"M","?","?","?","?","R","E","?","T","M","M","R","E","M","R","B",null,"R","$","E","B",null],"character_chosen":"DEFECT","items_purchased":["Aggregate","Capacitor","Core Surge","War Paint","Lee\u0027s Waffle","Bottled Flame","Coolheaded","FairyPotion","Compile Driver","DuplicationPotion","Lantern"],"campfire_rested":1,"item_purchase_floors":[19,19,25,53,53,53,53,53,53,53,53],"current_hp_per_floor":[71,70,70,64,64,26,26,26,26,26,26,19,19,13,13,13,75,75,75,65,65,65,65,57,57,57,57,40,40,40,40,40,39,75,75,75,49,49,49,49,40,40,40,34,33,59,58,49,49,14,89,89,96,46,24],"gold":38,"neow_bonus":"REMOVE_CARD","is_prod":false,"is_daily":false,"chose_seed":false,"campfire_upgraded":8,"win_rate":0,"timestamp":1695170582,"path_taken":["M","M","M","M","?","E","?","R","T","?","E","M","R","M","R","BOSS","M","$","M","?","M","R","M","$","T","?","E","R","?","M","R","BOSS","M","?","?","?","?","R","E","?","T","M","M","R","E","M","R","BOSS","R","$","E","BOSS"],"build_version":"2022-12-18","purchased_purges":2,"victory":true,"max_hp_per_floor":[75,75,75,75,75,75,75,75,75,75,75,75,75,75,75,75,75,75,75,75,75,75,75,75,75,75,75,75,75,75,75,75,75,75,75,75,75,75,75,75,89,89,89,89,89,89,89,89,89,89,89,89,96,96,96],"card_choices":[{"not_picked":["White Noise","Turbo"],"picked":"Defragment","floor":1},{"not_picked":["Go for the Eyes","Stack"],"picked":"Beam Cell","floor":2},{"not_picked":["Self Repair","Blizzard"],"picked":"Cold Snap","floor":3},{"not_picked":["Go for the Eyes","Gash"],"picked":"Coolheaded","floor":4},{"not_picked":["Redo","Auto Shields"],"picked":"Chill","floor":6},{"not_picked":["Hello World","Compile Driver"],"picked":"Electrodynamics","floor":11},{"not_picked":["Barrage","Heatsinks"],"picked":"Coolheaded","floor":12},{"not_picked":["Recycle","Go for the Eyes"],"picked":"Streamline","floor":14},{"not_picked":["Electrodynamics","All For One"],"picked":"Buffer","floor":16},{"not_picked":["Steam","Streamline","Scrape+1"],"picked":"SKIP","floor":18},{"not_picked":["Rebound+1","Storm"],"picked":"Tempest+1","floor":20},{"not_picked":["Redo","Hello World","Steam"],"picked":"SKIP","floor":22},{"not_picked":["White Noise","Melter","Turbo"],"picked":"SKIP","floor":24},{"not_picked":["White Noise","Melter","Turbo"],"picked":"SKIP","floor":24},{"not_picked":["Thunder Strike","Cold Snap"],"picked":"Ball Lightning","floor":28},{"not_picked":["Go for the Eyes","Beam Cell+1"],"picked":"Hologram+1","floor":31},{"not_picked":["Meteor Strike","Hyperbeam"],"picked":"Machine Learning","floor":33},{"not_picked":["Tempest","Sweeping Beam+1","Steam+1"],"picked":"SKIP","floor":35},{"not_picked":["Genetic Algorithm","Storm+1"],"picked":"Turbo+1","floor":39},{"not_picked":["FTL","Rebound+1","Storm"],"picked":"SKIP","floor":41},{"not_picked":["Streamline+1","Rebound+1","Beam Cell"],"picked":"SKIP","floor":44},{"not_picked":["Rebound+1","Chaos+1"],"picked":"Leap+1","floor":45},{"not_picked":["Core Surge","FTL+1"],"picked":"Steam Power+1","floor":47},{"not_picked":["Rebound+1","FTL+1","Storm"],"picked":"SKIP","floor":48},{"not_picked":["Beam Cell","Steam Power+1","Gash+1"],"picked":"SKIP","floor":54}],"player_experience":663485,"relics_obtained":[{"floor":6,"key":"White Beast Statue"},{"floor":9,"key":"Letter Opener"},{"floor":10,"key":"Torii"},{"floor":11,"key":"The Courier"},{"floor":28,"key":"Emotion Chip"},{"floor":37,"key":"Girya"},{"floor":39,"key":"Old Coin"},{"floor":41,"key":"Mango"},{"floor":43,"key":"Bronze Scales"},{"floor":47,"key":"Blood Vial"},{"floor":54,"key":"StrikeDummy"}],"event_choices":[{"cards_removed":["Defend_B"],"damage_healed":0,"gold_gain":0,"player_choice":"Card Removal","damage_taken":0,"max_hp_gain":0,"max_hp_loss":0,"event_name":"The Cleric","floor":5,"gold_loss":50},{"damage_healed":0,"gold_gain":0,"player_choice":"Grow","damage_taken":0,"max_hp_gain":0,"max_hp_loss":0,"event_name":"Living Wall","floor":7,"gold_loss":0,"cards_upgraded":["Defragment"]},{"damage_healed":0,"gold_gain":0,"cards_transformed":["Defend_B","Defend_B"],"player_choice":"Became Test Subject","damage_taken":0,"max_hp_gain":0,"max_hp_loss":0,"event_name":"Drug Dealer","floor":21,"gold_loss":0,"cards_obtained":["Barrage","Scrape"]},{"damage_healed":0,"gold_gain":99,"player_choice":"Stole From Cult","damage_taken":0,"max_hp_gain":0,"max_hp_loss":0,"event_name":"Nest","floor":27,"gold_loss":0},{"damage_healed":0,"gold_gain":0,"player_choice":"Ignored","damage_taken":0,"max_hp_gain":0,"max_hp_loss":0,"event_name":"Cursed Tome","floor":30,"gold_loss":0},{"cards_removed":["Streamline"],"damage_healed":0,"gold_gain":0,"player_choice":"Removed Attack","damage_taken":0,"max_hp_gain":0,"max_hp_loss":0,"event_name":"Falling","floor":36,"gold_loss":0},{"damage_healed":0,"gold_gain":0,"player_choice":"Fight","damage_taken":0,"max_hp_gain":0,"max_hp_loss":0,"event_name":"Mysterious Sphere","floor":37,"gold_loss":0},{"damage_healed":0,"gold_gain":0,"player_choice":"Ignored","damage_taken":0,"max_hp_gain":0,"max_hp_loss":0,"event_name":"Tomb of Lord Red Mask","floor":38,"gold_loss":0},{"damage_healed":0,"gold_gain":0,"player_choice":"Fight","damage_taken":0,"max_hp_gain":0,"max_hp_loss":0,"event_name":"MindBloom","floor":39,"gold_loss":0},{"damage_healed":0,"gold_gain":0,"player_choice":"Copied","damage_taken":0,"max_hp_gain":0,"max_hp_loss":0,"event_name":"Duplicator","floor":42,"gold_loss":0,"cards_obtained":["Defragment"]}],"is_beta":false,"boss_relics":[{"not_picked":["Snecko Eye","Nuclear Battery"],"picked":"Empty Cage"},{"not_picked":["FrozenCore","Black Star"],"picked":"Cursed Key"}],"items_purged_floors":[19,53],"is_endless":false,"potions_floor_spawned":[1,11,12,14,16,18,20,22,24,28,31,33,35,37,39,41,44,45,47,48,54],"ascension_level":3}