{"gold_per_floor":[116,134,153,171,136,136,168,168,168,168,168,193,213,231,231,333,333,333,333,180,180,26,26,26,26,26,26,26,26,26,26,26,26,26,26,26,26,26,26,26,26,26,26,26,26,26,26,26,26,26,26,26,26,26,26],"floor_reached":56,"playtime":2543,"items_purged":["Strike_B"],"score":1957,"play_id":"b525aa27-3377-469f-9ebe-7f04b916ead7","local_time":"20230926021507","is_ascension_mode":true,"campfire_choices":[{"data":"Zap","floor":6,"key":"SMITH"},{"floor":10,"key":"REST"},{"data":"Sunder","floor":15,"key":"SMITH"},{"data":"Defragment","floor":23,"key":"SMITH"},{"data":"Defragment","floor":32,"key":"SMITH"},{"data":"Machine Learning","floor":40,"key":"SMITH"},{"data":"Defragment","floor":45,"key":"SMITH"},{"data":"Seek","floor":47,"key":"SMITH"},{"floor":49,"key":"RECALL"},{"data":"Lockon","floor":52,"key":"SMITH"}],"neow_cost":"NONE","seed_source_timestamp":772662334393600,"circlet_count":0,"master_deck":["Strike_B+1","Strike_B+1","Defend_B","Defend_B","Defend_B","Defend_B","Zap+1","Dualcast","Coolheaded","Genetic Algorithm","Ball Lightning","Ball Lightning","Sunder+1","Seek+1","Leap+1","Electrodynamics","Defragment+1","Ghostly","Ghostly","Ghostly+1","Ghostly","Ghostly","Defragment+1","Tempest+1","Defragment+1","Conserve Battery","Coolheaded","Core Surge","Lockon+1","Machine Learning+1","Steam+1","Aggregate","Defragment+1","Steam+1","White Noise+1"],"relics":["Black Star","StrikeDummy","StoneCalendar","Mango","Nunchaku","Anchor","Ectoplasm","OrangePellets","Whetstone","Ancient Tea Set","Oddly Smooth Stone","Centennial Puzzle","Shuriken","Bag of Preparation","Blue Candle","Runic Pyramid","Potion Belt","Gambling Chip","FossilizedHelix","Strawberry","Bottled Tornado","Question Card","War Paint","DataDisk"],"potions_floor_usage":[4,16,27,42,55,55,55,55],"damage_taken":[{"damage":8,"enemies":"2 Louse","floor":1,"turns":3},{"damage":2,"enemies":"Small Slimes","floor":2,"turns":4},{"damage":8,"enemies":"Jaw Worm","floor":3,"turns":7},{"damage":27,"enemies":"Exordium Wildlife","floor":4,"turns":6},{"damage":31,"enemies":"Gremlin Nob","floor":7,"turns":5},{"damage":26,"enemies":"3 Sentries","floor":12,"turns":5},{"damage":0,"enemies":"Looter","floor":13,"turns":3},{"damage":0,"enemies":"3 Louse","floor":14,"turns":2},{"damage":15,"enemies":"The Guardian","floor":16,"turns":8},{"damage":0,"enemies":"3 Byrds","floor":18,"turns":3},{"damage":5,"enemies":"Slavers","floor":24,"turns":4},{"damage":5,"enemies":"Gremlin Leader","floor":27,"turns":5},{"damage":1,"enemies":"Chosen","floor":28,"turns":4},{"damage":0,"enemies":"Slavers","floor":30,"turns":3},{"damage":0,"enemies":"Snake Plant","floor":31,"turns":4},{"damage":2,"enemies":"Automaton","floor":33,"turns":8},{"damage":0,"enemies":"3 Shapes","floor":35,"turns":2},{"damage":0,"enemies":"3 Darklings","floor":36,"turns":3},{"damage":0,"enemies":"Transient","floor":37,"turns":5},{"damage":6,"enemies":"4 Shapes","floor":39,"turns":2},{"damage":0,"enemies":"3 Darklings","floor":41,"turns":3},{"damage":2,"enemies":"Giant Head","floor":42,"turns":8},{"damage":1,"enemies":"Maw","floor":44,"turns":6},{"damage":0,"enemies":"Reptomancer","floor":46,"turns":5},{"damage":0,"enemies":"Giant Head","floor":48,"turns":7},{"damage":0,"enemies":"Donu and Deca","floor":50,"turns":6},{"damage":0,"enemies":"Shield and Spear","floor":54,"turns":5},{"damage":23,"enemies":"The Heart","floor":55,"turns":8}],"seed_played":"-7469110490395437654","potions_obtained":[{"floor":1,"key":"LiquidBronze"},{"floor":3,"key":"SkillPotion"},{"floor":12,"key":"DistilledChaos"},{"floor":16,"key":"FocusPotion"},{"floor":18,"key":"DistilledChaos"},{"floor":27,"key":"DistilledChaos"},{"floor":41,"key":"BlessingOfTheForge"},{"floor":42,"key":"SpeedPotion"},{"floor":44,"key":"PotionOfCapacity"},{"floor":48,"key":"Energy Potion"}],"is_trial":false,"path_per_floor":["M","M","M","M","?","R","E","?","T","R","?","E","M","M","R","B",null,"M","?","$","?","$","R","E","$","T","E","M","?","E","M","R","B",null,"M","M","M","?","M","R","M","E","T","M","R","E","R","E","R","B",null,"R","$","E","B",null],"character_chosen":"DEFECT","items_purchased":["Defragment","OrangePellets"],"campfire_rested":1,"item_purchase_floors":[20,22],"current_hp_per_floor":[60,58,50,23,41,41,10,3,17,43,72,46,46,46,46,31,75,75,44,44,44,44,44,39,39,39,34,33,33,33,33,33,31,41,41,41,41,41,35,35,35,33,33,32,32,39,39,39,39,39,48,48,48,48,25],"gold":26,"neow_bonus":"BOSS_RELIC","is_prod":false,"is_daily":false,"chose_seed":false,"campfire_upgraded":8,"win_rate":0,"timestamp":1695719707,"path_taken":["M","M","M","M","?","R","E","?","T","R","?","E","M","M","R","BOSS","M","?","$","?","?","R","E","$","T","E","?","?","E","M","R","BOSS","M","M","M","?","?","R","M","E","T","M","R","E","R","E","R","BOSS","R","$","E","BOSS"],"build_version":"2022-12-18","purchased_purges":1,"victory":true,"max_hp_per_floor":[75,75,75,75,75,75,75,75,89,89,89,89,89,89,89,89,89,89,44,44,44,44,44,44,44,44,44,44,44,44,44,44,44,44,44,44,44,44,44,44,44,44,44,44,44,51,51,51,51,51,51,51,51,51,51],"card_choices":[{"not_picked":["White Noise","Recycle"],"picked":"Coolheaded","floor":1},{"not_picked":["Skim","BootSequence"],"picked":"Genetic Algorithm","floor":2},{"not_picked":["Hello World","Aggregate"],"picked":"Ball Lightning","floor":3},{"not_picked":["Loop","Streamline"],"picked":"Ball Lightning","floor":4},{"not_picked":["Buffer","Conserve Battery"],"picked":"Sunder","floor":7},{"not_picked":["Ball Lightning","Gash"],"picked":"Seek","floor":12},{"not_picked":["Cold Snap","Steam"],"picked":"Leap","floor":13},{"not_picked":["Turbo","Ball Lightning","Barrage"],"picked":"SKIP","floor":14},{"not_picked":["Seek","Creative AI"],"picked":"Electrodynamics","floor":16},{"not_picked":["Rebound+1","Ball Lightning+1"],"picked":"Defragment","floor":18},{"not_picked":["Beam Cell","Steam"],"picked":"Tempest+1","floor":24},{"not_picked":["Scrape+1","Barrage"],"picked":"Defragment","floor":27},{"not_picked":["Compile Driver","Ball Lightning"],"picked":"Conserve Battery","floor":28},{"not_picked":["Barrage+1","Compile Driver+1"],"picked":"Core Surge","floor":30},{"not_picked":["Ball Lightning","Sweeping Beam"],"picked":"Lockon","floor":31},{"not_picked":["Hyperbeam","All For One"],"picked":"Machine Learning","floor":33},{"not_picked":["Sunder+1","Steam Power"],"picked":"Steam+1","floor":35},{"not_picked":["Genetic Algorithm+1","Undo+1"],"picked":"Aggregate","floor":36},{"not_picked":["Beam Cell","Redo+1","Steam"],"picked":"SKIP","floor":37},{"not_picked":["Go for the Eyes","Streamline+1","Sweeping Beam+1"],"picked":"SKIP","floor":39},{"not_picked":["Blizzard+1","Steam","Ball Lightning"],"picked":"SKIP","floor":41},{"not_picked":["Compile Driver","Hello World","Rainbow"],"picked":"SKIP","floor":42},{"not_picked":["Beam Cell+1","Barrage+1"],"picked":"Steam+1","floor":44},{"not_picked":["Compile Driver","Barrage+1","Genetic Algorithm+1"],"picked":"SKIP","floor":46},{"not_picked":["Steam Power","Reprogram"],"picked":"White Noise+1","floor":48},{"not_picked":["Redo","Doom and Gloom+1","Compile Driver+1","Steam Power+1"],"picked":"SKIP","floor":54}],"player_experience":758717,"relics_obtained":[{"floor":7,"key":"StrikeDummy"},{"floor":7,"key":"StoneCalendar"},{"floor":9,"key":"Mango"},{"floor":12,"key":"Nunchaku"},{"floor":12,"key":"Anchor"},{"floor":24,"key":"Whetstone"},{"floor":24,"key":"Ancient Tea Set"},{"floor":26,"key":"Oddly Smooth Stone"},{"floor":27,"key":"Centennial Puzzle"},{"floor":27,"key":"Shuriken"},{"floor":30,"key":"Bag of Preparation"},{"floor":30,"key":"Blue Candle"},{"floor":42,"key":"Potion Belt"},{"floor":42,"key":"Gambling Chip"},{"floor":46,"key":"FossilizedHelix"},{"floor":46,"key":"Strawberry"},{"floor":48,"key":"Bottled Tornado"},{"floor":48,"key":"Question Card"},{"floor":54,"key":"War Paint"},{"floor":54,"key":"DataDisk"}],"event_choices":[{"damage_healed":18,"gold_gain":0,"player_choice":"Healed","damage_taken":0,"max_hp_gain":0,"max_hp_loss":0,"event_name":"The Cleric","floor":5,"gold_loss":35},{"cards_removed":["Strike_B"],"damage_healed":0,"gold_gain":0,"player_choice":"Card Removal","damage_taken":7,"max_hp_gain":0,"max_hp_loss":0,"event_name":"Golden Wing","floor":8,"gold_loss":0},{"damage_healed":29,"gold_gain":0,"player_choice":"Banana","damage_taken":0,"max_hp_gain":0,"max_hp_loss":0,"event_name":"Big Fish","floor":11,"gold_loss":0},{"damage_healed":0,"gold_gain":0,"player_choice":"Became a Ghost","damage_taken":0,"max_hp_gain":0,"max_hp_loss":45,"event_name":"Ghosts","floor":19,"gold_loss":0,"cards_obtained":["Ghostly","Ghostly","Ghostly","Ghostly","Ghostly"]},{"damage_healed":0,"gold_gain":0,"player_choice":"Ignored","damage_taken":0,"max_hp_gain":0,"max_hp_loss":0,"event_name":"Cursed Tome","floor":21,"gold_loss":0},{"damage_healed":0,"gold_gain":0,"player_choice":"Read","damage_taken":0,"max_hp_gain":0,"max_hp_loss":0,"event_name":"The Library","floor":29,"gold_loss":0,"cards_obtained":["Coolheaded"]},{"damage_healed":0,"gold_gain":0,"player_choice":"Copied","damage_taken":0,"max_hp_gain":0,"max_hp_loss":0,"event_name":"Duplicator","floor":38,"gold_loss":0,"cards_obtained":["Defragment"]}],"is_beta":false,"boss_relics":[{"not_picked":["SacredBark","Fusion Hammer"],"picked":"Ectoplasm"},{"not_picked":["Philosopher\u0027s Stone","Sozu"],"picked":"Runic Pyramid"}],"items_purged_floors":[20],"is_endless":false,"potions_floor_spawned":[1,3,12,16,18,27,30,31,39,41,42,44,48],"ascension_level":8}