{"gold_per_floor":[16,35,46,60,10,10,43,43,122,134,134,168,188,219,219,314,314,334,334,347,382,399,399,73,104,104,104,120,120,120,220,220,322,322,335,350,398,47,62,88,88,102,129,129,129,163,178,178,178,178,178,178,22,48,48],"floor_reached":56,"playtime":3430,"items_purged":["Strike_B","Defend_B"],"score":1770,"play_id":"d59f7049-bf81-43ce-bf80-9bb0ff82958a","local_time":"20230924214711","is_ascension_mode":true,"campfire_choices":[{"data":"Ball Lightning","floor":6,"key":"SMITH"},{"data":"Go for the Eyes","floor":11,"key":"SMITH"},{"data":"Aggregate","floor":15,"key":"SMITH"},{"data":"Hologram","floor":23,"key":"SMITH"},{"data":"Defragment","floor":27,"key":"SMITH"},{"data":"Leap","floor":30,"key":"SMITH"},{"data":"Secret Technique","floor":32,"key":"SMITH"},{"data":"Coolheaded","floor":41,"key":"SMITH"},{"data":"Fission","floor":44,"key":"SMITH"},{"floor":49,"key":"RECALL"},{"data":"Buffer","floor":52,"key":"SMITH"}],"neow_cost":"NO_GOLD","seed_source_timestamp":669286270427200,"circlet_count":0,"master_deck":["Zap+1","Dualcast","Secret Technique+1","Cold Snap","Ball Lightning+1","Go for the Eyes+1","Doom and Gloom+1","Hologram+1","Aggregate+1","Lockon","Echo Form","Core Surge","Self Repair+1","Loop+1","Auto Shields+1","Defragment+1","Ball Lightning","Capacitor+1","Leap+1","Ghostly","Ghostly","Ghostly","Ghostly","Ghostly","Hologram","Buffer+1","Core Surge+1","Fission+1","Consume+1","Redo+1","Skim","Coolheaded+1","Defragment","Fission+1","Chill+1","Coolheaded+1","Recycle+1","Aggregate+1"],"relics":["Cracked Core","Gambling Chip","Ornamental Fan","Strawberry","Turnip","Coffee Dripper","Red Mask","War Paint","PreservedInsect","Torii","Emotion Chip","Kunai","Astrolabe","Peace Pipe","Bag of Marbles","Thread and Needle","Runic Capacitor","White Beast Statue"],"potions_floor_usage":[13,16,16,21,25,25,55,55],"damage_taken":[{"damage":0,"enemies":"2 Louse","floor":1,"turns":2},{"damage":2,"enemies":"Jaw Worm","floor":2,"turns":4},{"damage":0,"enemies":"Cultist","floor":3,"turns":3},{"damage":4,"enemies":"Exordium Wildlife","floor":4,"turns":5},{"damage":22,"enemies":"3 Sentries","floor":7,"turns":7},{"damage":1,"enemies":"Blue Slaver","floor":10,"turns":3},{"damage":17,"enemies":"Lagavulin","floor":12,"turns":5},{"damage":0,"enemies":"Large Slime","floor":13,"turns":3},{"damage":20,"enemies":"3 Sentries","floor":14,"turns":5},{"damage":2,"enemies":"Slime Boss","floor":16,"turns":6},{"damage":13,"enemies":"2 Thieves","floor":18,"turns":3},{"damage":10,"enemies":"Shell Parasite","floor":20,"turns":3},{"damage":14,"enemies":"Masked Bandits","floor":21,"turns":4},{"damage":31,"enemies":"Snecko","floor":22,"turns":5},{"damage":12,"enemies":"Slavers","floor":25,"turns":4},{"damage":24,"enemies":"Snake Plant","floor":28,"turns":5},{"damage":4,"enemies":"Colosseum Slavers","floor":31,"turns":3},{"damage":2,"enemies":"Colosseum Nobs","floor":31,"turns":4},{"damage":16,"enemies":"Collector","floor":33,"turns":6},{"damage":0,"enemies":"3 Shapes","floor":35,"turns":6},{"damage":0,"enemies":"Orb Walker","floor":36,"turns":2},{"damage":19,"enemies":"2 Orb Walkers","floor":37,"turns":7},{"damage":1,"enemies":"Maw","floor":39,"turns":5},{"damage":0,"enemies":"Nemesis","floor":40,"turns":7},{"damage":0,"enemies":"Sphere and 2 Shapes","floor":42,"turns":11},{"damage":0,"enemies":"Reptomancer","floor":46,"turns":8},{"damage":0,"enemies":"Spire Growth","floor":47,"turns":8},{"damage":0,"enemies":"Donu and Deca","floor":50,"turns":9},{"damage":0,"enemies":"Shield and Spear","floor":54,"turns":7},{"damage":20,"enemies":"The Heart","floor":55,"turns":10}],"seed_played":"3344817002126815368","potions_obtained":[{"floor":3,"key":"FairyPotion"},{"floor":7,"key":"EssenceOfDarkness"},{"floor":10,"key":"EntropicBrew"},{"floor":20,"key":"Fire Potion"},{"floor":21,"key":"SpeedPotion"},{"floor":33,"key":"FocusPotion"},{"floor":35,"key":"Dexterity Potion"},{"floor":54,"key":"Swift Potion"}],"is_trial":false,"path_per_floor":["M","M","M","M","?","R","E","?","T","M","R","E","M","E","R","B",null,"M","?","M","?","M","R","$","E","T","R","M","?","R","?","R","B",null,"M","M","?","$","M","E","R","M","T","R","?","E","M","?","R","B",null,"R","$","E","B",null],"character_chosen":"DEFECT","items_purchased":["Defragment","War Paint","Ball Lightning","Coolheaded","Defragment","Fission","Runic Capacitor"],"campfire_rested":0,"item_purchase_floors":[24,24,24,38,38,38,53],"current_hp_per_floor":[68,66,66,62,62,62,40,40,40,39,39,29,29,9,9,7,63,50,77,67,63,42,42,42,40,40,40,16,16,16,30,30,14,34,41,41,22,22,31,41,41,41,41,41,41,41,41,41,41,41,41,41,41,41,31],"gold":48,"neow_bonus":"RANDOM_COLORLESS_2","is_prod":false,"is_daily":false,"chose_seed":false,"campfire_upgraded":10,"win_rate":0,"timestamp":1695617231,"path_taken":["M","M","M","M","?","R","E","?","T","?","R","E","M","E","R","BOSS","M","?","M","?","M","R","$","E","T","R","M","?","R","?","R","BOSS","M","M","?","$","M","E","R","M","T","R","?","E","M","?","R","BOSS","R","$","E","BOSS"],"build_version":"2022-12-18","purchased_purges":2,"victory":true,"max_hp_per_floor":[75,75,75,75,75,75,75,75,75,75,75,82,82,82,82,82,82,82,82,82,82,82,82,82,82,82,82,82,41,41,41,41,41,41,41,41,41,41,41,41,41,41,41,41,41,41,41,41,41,41,41,41,41,41,41],"card_choices":[{"not_picked":["Thinking Ahead","Transmutation"],"picked":"Secret Technique","floor":0},{"not_picked":["Stack","Sweeping Beam","Barrage"],"picked":"SKIP","floor":1},{"not_picked":["Machine Learning","Streamline"],"picked":"Cold Snap","floor":2},{"not_picked":["Hologram","Melter"],"picked":"Ball Lightning","floor":3},{"not_picked":["Chaos","Force Field"],"picked":"Go for the Eyes","floor":4},{"not_picked":["Gash","Sweeping Beam"],"picked":"Doom and Gloom","floor":7},{"not_picked":["Sweeping Beam","Beam Cell"],"picked":"Hologram","floor":10},{"not_picked":["Ball Lightning","Gash"],"picked":"Aggregate","floor":12},{"not_picked":["Blizzard","Cold Snap"],"picked":"Lockon","floor":13},{"not_picked":["Hologram","Turbo"],"picked":"Echo Form","floor":14},{"not_picked":["Thunder Strike","Machine Learning"],"picked":"Core Surge","floor":16},{"not_picked":["Aggregate","Go for the Eyes","Stack"],"picked":"SKIP","floor":18},{"not_picked":["Scrape","Rebound"],"picked":"Self Repair+1","floor":20},{"not_picked":["Cold Snap","Barrage"],"picked":"Loop+1","floor":21},{"not_picked":["Heatsinks","Storm"],"picked":"Auto Shields","floor":22},{"not_picked":["Blizzard","Rebound"],"picked":"Capacitor+1","floor":25},{"not_picked":["Leap","Turbo","Steam"],"picked":"SKIP","floor":28},{"not_picked":["Turbo","Steam"],"picked":"Leap","floor":28},{"not_picked":["Barrage","Cold Snap"],"picked":"Hologram","floor":31},{"not_picked":["Core Surge","Machine Learning"],"picked":"Buffer","floor":33},{"not_picked":["Turbo+1","Leap"],"picked":"Redo+1","floor":35},{"not_picked":["Genetic Algorithm+1","Reprogram","Leap"],"picked":"SKIP","floor":36},{"not_picked":["FTL","Stack"],"picked":"Skim","floor":37},{"not_picked":["Scrape+1","Rebound"],"picked":"Chill+1","floor":39},{"not_picked":["Stack+1","Core Surge","Chaos+1"],"picked":"SKIP","floor":40},{"not_picked":["Stack","Ball Lightning+1"],"picked":"Coolheaded+1","floor":42},{"not_picked":["Cold Snap","Go for the Eyes+1","Streamline+1"],"picked":"SKIP","floor":46},{"not_picked":["Conserve Battery+1","Redo"],"picked":"Recycle+1","floor":47},{"not_picked":["Coolheaded+1","Cold Snap"],"picked":"Aggregate+1","floor":54}],"player_experience":737366,"relics_obtained":[{"floor":7,"key":"Gambling Chip"},{"floor":9,"key":"Ornamental Fan"},{"floor":12,"key":"Strawberry"},{"floor":14,"key":"Turnip"},{"floor":21,"key":"Red Mask"},{"floor":25,"key":"PreservedInsect"},{"floor":26,"key":"Torii"},{"floor":31,"key":"Emotion Chip"},{"floor":31,"key":"Kunai"},{"floor":37,"key":"Peace Pipe"},{"floor":40,"key":"Bag of Marbles"},{"floor":46,"key":"Thread and Needle"},{"floor":54,"key":"White Beast Statue"}],"event_choices":[{"cards_removed":["Strike_B"],"damage_healed":0,"gold_gain":0,"player_choice":"Card Removal","damage_taken":0,"max_hp_gain":0,"max_hp_loss":0,"event_name":"The Cleric","floor":5,"gold_loss":50},{"damage_healed":0,"gold_gain":0,"player_choice":"Forge","damage_taken":0,"max_hp_gain":0,"max_hp_loss":0,"event_name":"Accursed Blacksmith","floor":8,"gold_loss":0,"cards_upgraded":["Doom and Gloom"]},{"damage_healed":27,"gold_gain":0,"player_choice":"Heal","damage_taken":0,"max_hp_gain":0,"max_hp_loss":0,"event_name":"The Library","floor":19,"gold_loss":0},{"damage_healed":0,"gold_gain":0,"player_choice":"Fought Bandits","damage_taken":0,"max_hp_gain":0,"max_hp_loss":0,"event_name":"Masked Bandits","floor":21,"gold_loss":0},{"damage_healed":0,"gold_gain":0,"player_choice":"Became a Ghost","damage_taken":0,"max_hp_gain":0,"max_hp_loss":41,"event_name":"Ghosts","floor":29,"gold_loss":0,"cards_obtained":["Ghostly","Ghostly","Ghostly","Ghostly","Ghostly"]},{"damage_healed":0,"gold_gain":0,"player_choice":"Fight","damage_taken":0,"max_hp_gain":0,"max_hp_loss":0,"event_name":"Colosseum","floor":31,"gold_loss":0},{"damage_healed":0,"gold_gain":0,"player_choice":"Fought Nobs","damage_taken":0,"max_hp_gain":0,"max_hp_loss":0,"event_name":"Colosseum","floor":31,"gold_loss":0},{"damage_healed":0,"gold_gain":0,"player_choice":"Fight","damage_taken":0,"max_hp_gain":0,"max_hp_loss":0,"event_name":"Mysterious Sphere","floor":37,"gold_loss":0},{"cards_removed":["Defend_B"],"damage_healed":0,"gold_gain":0,"player_choice":"Removed Skill","damage_taken":0,"max_hp_gain":0,"max_hp_loss":0,"event_name":"Falling","floor":45,"gold_loss":0},{"cards_removed":["Defend_B"],"damage_healed":0,"gold_gain":0,"player_choice":"Card Removal","damage_taken":0,"max_hp_gain":0,"max_hp_loss":0,"event_name":"Wheel of Change","floor":48,"gold_loss":0}],"is_beta":false,"boss_relics":[{"not_picked":["Inserter","Cursed Key"],"picked":"Coffee Dripper"},{"not_picked":["Black Star","Tiny House"],"picked":"Astrolabe"}],"items_purged_floors":[24,38],"is_endless":false,"potions_floor_spawned":[3,7,10,12,20,21,33,35,40,42,54],"ascension_level":7}