{"gold_per_floor":[113,126,126,136,151,151,166,166,166,166,185,214,224,250,250,355,355,373,17,36,48,67,67,67,102,151,166,18,47,47,47],"floor_reached":31,"playtime":1413,"items_purged":["Strike_B"],"score":443,"play_id":"cff5cc95-985c-4f44-be49-b3626bb20f9e","local_time":"20230921205222","is_ascension_mode":true,"campfire_choices":[{"data":"Coolheaded","floor":6,"key":"SMITH"},{"data":"Barrage","floor":8,"key":"SMITH"},{"data":"Dualcast","floor":10,"key":"SMITH"},{"data":"Streamline","floor":15,"key":"SMITH"},{"floor":23,"key":"REST"}],"neow_cost":"NONE","seed_source_timestamp":408820707182200,"circlet_count":0,"master_deck":["Strike_B","Strike_B","Strike_B","Defend_B","Defend_B","Defend_B","Defend_B+1","Zap","Dualcast+1","Glacier","Double Energy+1","Coolheaded+1","Conserve Battery","Barrage+1","Skim","Streamline+1","Rebound","Buffer+1","Core Surge","Loop+1","Melter","Coolheaded","Doom and Gloom","Go for the Eyes+1"],"relics":["Cracked Core","NeowsBlessing","HornCleat","Odd Mushroom","Frozen Egg 2","Fusion Hammer","Strange Spoon","Symbiotic Virus","Ancient Tea Set","War Paint","StrikeDummy"],"potions_floor_usage":[25,25,27,29],"damage_taken":[{"damage":0,"enemies":"Cultist","floor":1,"turns":1},{"damage":0,"enemies":"2 Louse","floor":2,"turns":1},{"damage":0,"enemies":"Jaw Worm","floor":4,"turns":1},{"damage":2,"enemies":"Looter","floor":5,"turns":4},{"damage":0,"enemies":"Exordium Wildlife","floor":7,"turns":3},{"damage":0,"enemies":"2 Fungi Beasts","floor":11,"turns":2},{"damage":0,"enemies":"The Mushroom Lair","floor":12,"turns":4},{"damage":0,"enemies":"3 Louse","floor":13,"turns":2},{"damage":19,"enemies":"Lagavulin","floor":14,"turns":8},{"damage":0,"enemies":"Slime Boss","floor":16,"turns":9},{"damage":0,"enemies":"3 Byrds","floor":18,"turns":6},{"damage":18,"enemies":"Chosen","floor":20,"turns":6},{"damage":33,"enemies":"Snake Plant","floor":21,"turns":6},{"damage":9,"enemies":"3 Cultists","floor":22,"turns":7},{"damage":11,"enemies":"Slavers","floor":25,"turns":7},{"damage":1,"enemies":"Shelled Parasite and Fungi","floor":27,"turns":3},{"damage":0,"enemies":"Gremlin Leader","floor":29,"turns":9},{"damage":6,"enemies":"Snake Plant","floor":31,"turns":1}],"seed_played":"-7660824986266904219","potions_obtained":[{"floor":1,"key":"GamblersBrew"},{"floor":2,"key":"GamblersBrew"},{"floor":5,"key":"Weak Potion"},{"floor":11,"key":"SteroidPotion"},{"floor":21,"key":"PotionOfCapacity"},{"floor":25,"key":"DistilledChaos"}],"is_trial":false,"path_per_floor":["M","M","?","M","M","R","M","R","T","R","M","?","M","E","R","B",null,"M","$","M","M","M","R","?","E","T","M","$","E","?","M"],"character_chosen":"DEFECT","items_purchased":["Loop+1","FocusPotion","Strange Spoon","War Paint"],"campfire_rested":1,"item_purchase_floors":[19,19,19,28],"current_hp_per_floor":[75,75,75,75,73,73,73,73,73,73,73,73,73,54,54,54,70,70,70,52,19,10,32,18,7,7,6,6,6,6,0],"gold":47,"neow_bonus":"THREE_ENEMY_KILL","is_prod":false,"is_daily":false,"chose_seed":false,"campfire_upgraded":4,"win_rate":0,"timestamp":1695354742,"path_taken":["M","?","?","?","M","R","M","R","T","R","M","?","M","E","R","BOSS","M","$","M","M","M","R","?","E","T","M","$","E","?","M"],"build_version":"2022-12-18","purchased_purges":1,"victory":false,"max_hp_per_floor":[75,75,75,75,75,75,75,75,75,75,75,75,75,75,75,75,75,75,75,75,75,75,75,80,80,80,80,80,80,80,80],"card_choices":[{"not_picked":["Sunder","Barrage"],"picked":"Glacier","floor":1},{"not_picked":["Chaos","Stack","Turbo"],"picked":"SKIP","floor":2},{"not_picked":["Go for the Eyes","Stack"],"picked":"Coolheaded","floor":4},{"not_picked":["Steam Power","Scrape"],"picked":"Conserve Battery","floor":5},{"not_picked":["Go for the Eyes","Compile Driver"],"picked":"Barrage","floor":7},{"not_picked":["Redo","Go for the Eyes"],"picked":"Skim","floor":11},{"not_picked":["Gash","Auto Shields"],"picked":"Streamline","floor":12},{"not_picked":["Loop","Darkness"],"picked":"Rebound","floor":13},{"not_picked":["Skim","Cold Snap"],"picked":"Buffer+1","floor":14},{"not_picked":["Reboot","Buffer+1"],"picked":"Core Surge","floor":16},{"not_picked":["Fusion","Conserve Battery","Force Field"],"picked":"SKIP","floor":18},{"not_picked":["Conserve Battery","Beam Cell"],"picked":"Melter","floor":20},{"not_picked":["Auto Shields","Fusion","Aggregate"],"picked":"SKIP","floor":21},{"not_picked":["Steam","Streamline"],"picked":"Coolheaded","floor":22},{"not_picked":["Lockon","White Noise"],"picked":"Doom and Gloom","floor":25},{"not_picked":["Coolheaded","Rebound","Melter"],"picked":"SKIP","floor":27},{"not_picked":["Fission","Hello World+1"],"picked":"Go for the Eyes+1","floor":29}],"player_experience":694552,"relics_obtained":[{"floor":9,"key":"HornCleat"},{"floor":12,"key":"Odd Mushroom"},{"floor":14,"key":"Frozen Egg 2"},{"floor":25,"key":"Symbiotic Virus"},{"floor":26,"key":"Ancient Tea Set"},{"floor":29,"key":"StrikeDummy"}],"event_choices":[{"damage_healed":0,"gold_gain":0,"player_choice":"1 cards matched","damage_taken":0,"max_hp_gain":0,"max_hp_loss":0,"event_name":"Match and Keep!","floor":3,"gold_loss":0,"cards_obtained":["Double Energy"]},{"damage_healed":0,"gold_gain":0,"player_choice":"Fought Mushrooms","damage_taken":0,"max_hp_gain":0,"max_hp_loss":0,"event_name":"Mushrooms","floor":12,"gold_loss":0},{"damage_healed":0,"gold_gain":0,"player_choice":"Shed Blood","damage_taken":19,"max_hp_gain":5,"max_hp_loss":0,"event_name":"Forgotten Altar","floor":24,"gold_loss":0},{"damage_healed":0,"gold_gain":0,"player_choice":"Ignored","damage_taken":0,"max_hp_gain":0,"max_hp_loss":0,"event_name":"The Mausoleum","floor":30,"gold_loss":0}],"is_beta":false,"boss_relics":[{"not_picked":["SlaversCollar","Runic Dome"],"picked":"Fusion Hammer"}],"items_purged_floors":[19],"is_endless":false,"potions_floor_spawned":[1,2,5,11,14,16,20,21,22,25],"killed_by":"Snake Plant","ascension_level":5}