{"gold_per_floor":[109,119,119,119,132,159,159,193,267,282,282,300,300,332,332,430,430,443,368,368,368,368,368,396,92,118,118,136,136,155,184,184,282,282,298,348,348,68,85,85,110,110,110,129,129,156,171,203,203,203,203,203,52,77,77],"floor_reached":56,"playtime":2906,"items_purged":["Strike_B","Strike_B+1"],"score":1496,"play_id":"3f55cd2b-4675-45a5-802c-4cd798e3bd40","local_time":"20230918203233","is_ascension_mode":true,"campfire_choices":[{"data":"Zap","floor":7.0,"key":"SMITH"},{"data":"Dualcast","floor":11.0,"key":"SMITH"},{"data":"Recycle","floor":15.0,"key":"SMITH"},{"data":"Hologram","floor":23.0,"key":"SMITH"},{"data":"Biased Cognition","floor":27.0,"key":"SMITH"},{"data":"Coolheaded","floor":32.0,"key":"SMITH"},{"data":"Fission","floor":40.0,"key":"SMITH"},{"data":"Static Discharge","floor":42.0,"key":"SMITH"},{"data":"Coolheaded","floor":45.0,"key":"SMITH"},{"floor":49,"key":"RECALL"},{"floor":52,"key":"DIG"}],"neow_cost":"NONE","seed_source_timestamp":146848105142200,"circlet_count":0,"master_deck":["Defend_B","Defend_B","Defend_B","Defend_B","Zap+1","Dualcast+1","All For One+1","Gash+1","Hologram+1","Glacier","Steam","Undo","Recycle+1","Go for the Eyes+1","Electrodynamics","Coolheaded+1","Biased Cognition+1","Ball Lightning+1","Glacier","Fission+1","Blind","Static Discharge+1","Rebound+1","Coolheaded+1","Loop","Seek","Streamline"],"special_seed":0,"relics":["Cracked Core","Thread and Needle","Happy Flower","Pear","Mercury Hourglass","Pocketwatch","SlaversCollar","Whetstone","Lantern","Blue Candle","HornCleat","SacredBark","Shovel","Membership Card","Nunchaku","Dream Catcher","Meat on the Bone","Du-Vu Doll","Omamori","Sundial","Vajra","TungstenRod"],"potions_floor_usage":[50,55,55,55],"damage_taken":[{"damage":0.0,"enemies":"2 Louse","floor":1.0,"turns":2.0},{"damage":1.0,"enemies":"Jaw Worm","floor":2.0,"turns":2.0},{"damage":0.0,"enemies":"Small Slimes","floor":5.0,"turns":3.0},{"damage":16.0,"enemies":"3 Sentries","floor":6.0,"turns":9.0},{"damage":0.0,"enemies":"Lagavulin","floor":8.0,"turns":7.0},{"damage":0.0,"enemies":"Blue Slaver","floor":10.0,"turns":3.0},{"damage":0.0,"enemies":"Exordium Wildlife","floor":12.0,"turns":2.0},{"damage":0.0,"enemies":"Gremlin Nob","floor":14.0,"turns":3.0},{"damage":4.0,"enemies":"Hexaghost","floor":16.0,"turns":8.0},{"damage":0.0,"enemies":"Spheric Guardian","floor":18.0,"turns":3.0},{"damage":30.0,"enemies":"Book of Stabbing","floor":24.0,"turns":6.0},{"damage":0.0,"enemies":"3 Byrds","floor":28.0,"turns":3.0},{"damage":0.0,"enemies":"Snake Plant","floor":30.0,"turns":2.0},{"damage":0.0,"enemies":"Slavers","floor":31.0,"turns":2.0},{"damage":0.0,"enemies":"Champ","floor":33.0,"turns":9.0},{"damage":1.0,"enemies":"Orb Walker","floor":35.0,"turns":3.0},{"damage":0.0,"enemies":"Mind Bloom Boss Battle","floor":36.0,"turns":8.0},{"damage":0.0,"enemies":"3 Darklings","floor":39.0,"turns":4.0},{"damage":0.0,"enemies":"Reptomancer","floor":41.0,"turns":4.0},{"damage":0.0,"enemies":"Writhing Mass","floor":44.0,"turns":5.0},{"damage":3.0,"enemies":"Nemesis","floor":46.0,"turns":7.0},{"damage":1.0,"enemies":"Spire Growth","floor":47.0,"turns":5.0},{"damage":14.0,"enemies":"Reptomancer","floor":48.0,"turns":7.0},{"damage":49,"enemies":"Awakened One","floor":50,"turns":17},{"damage":19,"enemies":"Shield and Spear","floor":54,"turns":5},{"damage":54,"enemies":"The Heart","floor":55,"turns":6}],"seed_played":"-5223341486532488275","potions_obtained":[{"floor":1.0,"key":"Block Potion"},{"floor":2.0,"key":"SteroidPotion"},{"floor":10.0,"key":"DistilledChaos"},{"floor":12.0,"key":"Swift Potion"},{"floor":18.0,"key":"GamblersBrew"},{"floor":24.0,"key":"PowerPotion"},{"floor":30.0,"key":"Block Potion"},{"floor":39.0,"key":"FearPotion"},{"floor":41.0,"key":"Energy Potion"},{"floor":48.0,"key":"Explosive Potion"}],"is_trial":false,"path_per_floor":["M","M","?","?","M","E","R","E","T","M","R","M","T","E","R","B",null,"M","?","?","?","?","R","E","$","T","R","M","T","M","E","R","B",null,"M","?","?","$","M","R","E","R","T","M","R","E","M","E","R","B",null,"R","$","E","B",null],"character_chosen":"DEFECT","items_purchased":["Lantern","Biased Cognition","Membership Card","Nunchaku","Streamline","Vajra","EssenceOfDarkness"],"campfire_rested":0,"item_purchase_floors":[25,25,38,38,53,53,53],"current_hp_per_floor":[75,74,79,63,63,47,47,47,57,57,57,57,57,57,57,53,90,90,90,90,72,72,72,42,42,42,42,42,42,42,42,42,42,95,94,94,94,94,94,94,94,94,94,94,94,91,90,76,76,39,95,95,95,76,34],"gold":77,"neow_bonus":"ONE_RANDOM_RARE_CARD","is_prod":false,"is_daily":false,"chose_seed":false,"campfire_upgraded":9,"win_rate":0,"timestamp":1695094353,"path_taken":["M","M","?","?","M","E","R","E","T","M","R","M","?","E","R","BOSS","M","?","?","?","?","R","E","$","T","R","?","?","?","E","R","BOSS","M","?","?","$","M","R","E","R","T","M","R","E","?","E","R","BOSS","R","$","E","BOSS"],"build_version":"2022-12-18","purchased_purges":2,"victory":true,"max_hp_per_floor":[75,75,80,80,80,80,80,80,90,90,90,90,90,90,90,90,90,90,90,90,95,95,95,95,95,95,95,95,95,95,95,95,95,95,95,95,95,95,95,95,95,95,95,95,95,95,95,95,95,95,95,95,95,95,95],"card_choices":[{"not_picked":["Self Repair","Ball Lightning"],"picked":"Gash","floor":1.0},{"not_picked":["Turbo","Rebound"],"picked":"Hologram","floor":2.0},{"not_picked":["Stack","Redo"],"picked":"Glacier","floor":5.0},{"not_picked":["Turbo","Compile Driver"],"picked":"Steam","floor":6.0},{"not_picked":["Heatsinks","Streamline","White Noise"],"picked":"SKIP","floor":8.0},{"not_picked":["Loop","Leap"],"picked":"Undo","floor":10.0},{"not_picked":["Darkness","Hello World"],"picked":"Recycle","floor":12.0},{"not_picked":["Scrape","Aggregate"],"picked":"Go for the Eyes","floor":14.0},{"not_picked":["Buffer","Rainbow"],"picked":"Electrodynamics","floor":16.0},{"not_picked":["Streamline","Scrape+1","Compile Driver"],"picked":"SKIP","floor":18.0},{"not_picked":["Steam","Go for the Eyes+1"],"picked":"Coolheaded","floor":24.0},{"not_picked":["Redo+1","Static Discharge+1"],"picked":"Ball Lightning+1","floor":28.0},{"not_picked":["Sweeping Beam","Recycle"],"picked":"Glacier","floor":30.0},{"not_picked":["Redo","Hello World","Beam Cell+1"],"picked":"SKIP","floor":31.0},{"not_picked":["Reboot","Rainbow"],"picked":"Fission","floor":33.0},{"not_picked":["BootSequence","Chaos","Rip and Tear"],"picked":"SKIP","floor":35.0},{"not_picked":["Sadistic Nature","Magnetism"],"picked":"Blind","floor":37.0},{"not_picked":["Cold Snap+1","Barrage+1"],"picked":"Static Discharge","floor":39.0},{"not_picked":["Redo+1","Conserve Battery"],"picked":"Rebound+1","floor":41.0},{"not_picked":["Compile Driver","Self Repair+1"],"picked":"Coolheaded","floor":44.0},{"not_picked":["Auto Shields+1","Barrage+1"],"picked":"Loop","floor":46.0},{"not_picked":["Hologram+1","BootSequence+1"],"picked":"Seek","floor":47.0},{"not_picked":["Barrage+1","Sweeping Beam","Darkness+1"],"picked":"SKIP","floor":48.0},{"not_picked":["Chaos+1","Doom and Gloom+1","Scrape"],"picked":"SKIP","floor":54}],"player_experience":638355,"relics_obtained":[{"floor":6.0,"key":"Thread and Needle"},{"floor":8.0,"key":"Happy Flower"},{"floor":9.0,"key":"Pear"},{"floor":13.0,"key":"Mercury Hourglass"},{"floor":14.0,"key":"Pocketwatch"},{"floor":24.0,"key":"Whetstone"},{"floor":29.0,"key":"Blue Candle"},{"floor":31.0,"key":"HornCleat"},{"floor":36.0,"key":"Shovel"},{"floor":41.0,"key":"Dream Catcher"},{"floor":43.0,"key":"Meat on the Bone"},{"floor":46.0,"key":"Du-Vu Doll"},{"floor":48.0,"key":"Omamori"},{"floor":52,"key":"Sundial"},{"floor":54,"key":"TungstenRod"}],"event_choices":[{"damage_healed":0.0,"max_hp_gain":5.0,"max_hp_loss":0.0,"gold_gain":0.0,"event_name":"Big Fish","player_choice":"Donut","floor":3.0,"gold_loss":0.0,"damage_taken":0.0},{"damage_healed":0.0,"max_hp_gain":0.0,"max_hp_loss":0.0,"gold_gain":0.0,"event_name":"Shining Light","player_choice":"Entered Light","floor":4.0,"gold_loss":0.0,"damage_taken":16.0,"cards_upgraded":["All For One","Strike_B"]},{"cards_removed":["Strike_B"],"damage_healed":0.0,"max_hp_gain":0.0,"max_hp_loss":0.0,"gold_gain":0.0,"event_name":"Beggar","player_choice":"Gave Gold","floor":19.0,"gold_loss":75.0,"damage_taken":0.0},{"damage_healed":0.0,"max_hp_gain":0.0,"max_hp_loss":0.0,"gold_gain":0.0,"event_name":"Ghosts","player_choice":"Ignored","floor":20.0,"gold_loss":0.0,"damage_taken":0.0},{"damage_healed":0.0,"max_hp_gain":5.0,"max_hp_loss":0.0,"gold_gain":0.0,"event_name":"Forgotten Altar","player_choice":"Shed Blood","floor":21.0,"gold_loss":0.0,"damage_taken":23.0},{"cards_removed":["Strike_B"],"damage_healed":0.0,"max_hp_gain":0.0,"max_hp_loss":0.0,"gold_gain":0.0,"event_name":"Back to Basics","player_choice":"Elegance","floor":22.0,"gold_loss":0.0,"damage_taken":0.0},{"damage_healed":0.0,"max_hp_gain":0.0,"max_hp_loss":0.0,"gold_gain":0.0,"event_name":"MindBloom","player_choice":"Fight","floor":36.0,"gold_loss":0.0,"damage_taken":0.0},{"damage_healed":0.0,"max_hp_gain":0.0,"max_hp_loss":0.0,"gold_gain":0.0,"event_name":"SensoryStone","player_choice":"Memory 1","floor":37.0,"gold_loss":0.0,"damage_taken":0.0}],"is_beta":false,"boss_relics":[{"not_picked":["Snecko Eye","Runic Dome"],"picked":"SlaversCollar"},{"not_picked":["Calling Bell","Black Star"],"picked":"SacredBark"}],"items_purged_floors":[25,38],"is_endless":false,"potions_floor_spawned":[1,2,10,12,18,24,30,39,41,44,48,54],"ascension_level":1}