{"gold_per_floor":[113,132,132,132,145,145,178,103,103,103,79,113,113,127,127,230,230,248,163,163,63,87,87,87,122,122,122,122,222,4,23,23,118,118,133,133,133,153,153,153,184,184,184,201,230,230,230],"floor_reached":47,"playtime":2243,"items_purged":["Strike_B","Strike_B"],"score":863,"play_id":"9ae688f7-6db0-4202-9766-be9d15eb4357","local_time":"20230927184541","is_ascension_mode":true,"campfire_choices":[{"data":"Beam Cell","floor":6.0,"key":"SMITH"},{"data":"Sunder","floor":13,"key":"SMITH"},{"data":"Biased Cognition","floor":15,"key":"SMITH"},{"data":"Self Repair","floor":23,"key":"SMITH"},{"data":"Seek","floor":27,"key":"SMITH"},{"data":"Capacitor","floor":32,"key":"SMITH"},{"data":"Coolheaded","floor":40,"key":"SMITH"},{"data":"Skim","floor":42,"key":"SMITH"},{"data":"Leap","floor":46,"key":"SMITH"}],"neow_cost":"PERCENT_DAMAGE","seed_source_timestamp":0,"circlet_count":0,"master_deck":["Strike_B","Defend_B","Defend_B","Defend_B","Defend_B","Zap+1","Dualcast","Biased Cognition+1","Rebound","Leap+1","Cold Snap","Sunder+1","Ball Lightning","Chill","Genetic Algorithm+1","Seek+1","Self Repair+1","Coolheaded+1","Ghostly","Ghostly","Ghostly","Ghostly","Ghostly","Capacitor+1","Hologram","Ball Lightning","Core Surge","Go for the Eyes+1","Skim+1"],"special_seed":0,"relics":["FrozenCore","Turnip","Emotion Chip","Matryoshka","Philosopher\u0027s Stone","War Paint","Juzu Bracelet","Orichalcum","Oddly Smooth Stone","Mummified Hand","Bronze Scales","Membership Card","Omamori","Cables"],"potions_floor_usage":[25,25,33,33,33,47],"damage_taken":[{"damage":9.0,"enemies":"2 Louse","floor":1.0,"turns":2.0},{"damage":2.0,"enemies":"Small Slimes","floor":2.0,"turns":3.0},{"damage":0.0,"enemies":"Jaw Worm","floor":5.0,"turns":3.0},{"damage":8.0,"enemies":"Lagavulin","floor":7.0,"turns":6.0},{"damage":1.0,"enemies":"Gremlin Nob","floor":12.0,"turns":3.0},{"damage":0,"enemies":"Exordium Thugs","floor":14,"turns":4},{"damage":0,"enemies":"Slime Boss","floor":16,"turns":4},{"damage":4,"enemies":"Chosen","floor":18,"turns":4},{"damage":23,"enemies":"Gremlin Leader","floor":25,"turns":9},{"damage":7,"enemies":"Shell Parasite","floor":31,"turns":6},{"damage":27,"enemies":"Automaton","floor":33,"turns":12},{"damage":0,"enemies":"3 Darklings","floor":35,"turns":6},{"damage":0,"enemies":"Orb Walker","floor":38,"turns":3},{"damage":22,"enemies":"Nemesis","floor":41,"turns":7},{"damage":0,"enemies":"Writhing Mass","floor":44,"turns":6},{"damage":0,"enemies":"Reptomancer","floor":45,"turns":10},{"damage":70,"enemies":"Giant Head","floor":47,"turns":9}],"seed_played":"3189904811855540738","potions_obtained":[{"floor":2.0,"key":"Swift Potion"},{"floor":7.0,"key":"Energy Potion"},{"floor":14,"key":"AttackPotion"},{"floor":25,"key":"LiquidMemories"},{"floor":31,"key":"Fire Potion"},{"floor":35,"key":"FocusPotion"},{"floor":41,"key":"Fire Potion"},{"floor":44,"key":"Dexterity Potion"}],"is_trial":false,"path_per_floor":["M","M","?","?","M","R","E","$","T","?","$","E","R","M","R","B",null,"M","?","?","$","T","R","$","E","T","R","?","?","$","M","R","B",null,"M","?","?","M","?","R","E","R","T","M","E","R","E"],"character_chosen":"DEFECT","items_purchased":["Ball Lightning","Membership Card","Capacitor","Hologram"],"campfire_rested":0,"item_purchase_floors":[11,30,30,30],"current_hp_per_floor":[41,39,39,39,39,39,31,31,31,56,56,55,55,55,55,55,70,66,66,52,52,52,52,52,39,39,39,39,39,39,40,40,23,36,40,40,40,40,40,40,28,28,28,38,40,40,0],"gold":230,"neow_bonus":"THREE_RARE_CARDS","is_prod":false,"is_daily":false,"chose_seed":false,"campfire_upgraded":9,"win_rate":0,"timestamp":1695865541,"path_taken":["M","M","?","?","M","R","E","$","T","?","?","E","R","M","R","BOSS","M","?","?","?","?","R","$","E","T","R","?","?","?","M","R","BOSS","M","?","?","M","?","R","E","R","T","M","E","R","E"],"build_version":"2022-12-18","purchased_purges":2,"victory":false,"max_hp_per_floor":[75,75,75,75,75,75,75,75,75,75,75,75,75,75,75,75,75,75,75,80,80,80,80,80,80,80,80,40,40,40,40,40,40,40,40,40,40,40,40,40,40,40,40,40,40,40,40],"card_choices":[{"not_picked":["Reboot","Echo Form"],"picked":"Biased Cognition","floor":0.0},{"not_picked":["Sweeping Beam","Conserve Battery"],"picked":"Rebound","floor":1.0},{"not_picked":["Steam Power","Compile Driver"],"picked":"Beam Cell","floor":2.0},{"not_picked":["Steam Power","Blizzard"],"picked":"Cold Snap","floor":5.0},{"not_picked":["Streamline","Static Discharge"],"picked":"Sunder","floor":7.0},{"not_picked":["Loop","Static Discharge"],"picked":"Chill","floor":12},{"not_picked":["Hologram","Melter"],"picked":"Genetic Algorithm","floor":14},{"not_picked":["Meteor Strike","Fission"],"picked":"Seek","floor":16},{"not_picked":["Stack","Conserve Battery"],"picked":"Self Repair","floor":18},{"not_picked":["Scrape+1","Sweeping Beam"],"picked":"Coolheaded","floor":25},{"not_picked":["Leap","Capacitor"],"picked":"Ball Lightning","floor":31},{"not_picked":["Electrodynamics","Amplify"],"picked":"Core Surge","floor":33},{"not_picked":["Sweeping Beam","Ball Lightning","Chaos+1"],"picked":"SKIP","floor":35},{"not_picked":["Stack+1","Cold Snap+1"],"picked":"Go for the Eyes+1","floor":38},{"not_picked":["Loop","Steam+1"],"picked":"Skim","floor":41},{"not_picked":["Ball Lightning","Sweeping Beam","Go for the Eyes"],"picked":"SKIP","floor":44},{"not_picked":["Cold Snap+1","Compile Driver","Fusion"],"picked":"SKIP","floor":45}],"player_experience":773618,"relics_obtained":[{"floor":7.0,"key":"Turnip"},{"floor":9.0,"key":"Emotion Chip"},{"floor":12,"key":"Matryoshka"},{"floor":22,"key":"Juzu Bracelet"},{"floor":22,"key":"Orichalcum"},{"floor":25,"key":"Oddly Smooth Stone"},{"floor":26,"key":"Mummified Hand"},{"floor":26,"key":"Bronze Scales"},{"floor":41,"key":"Omamori"},{"floor":45,"key":"Cables"}],"event_choices":[{"damage_healed":0.0,"max_hp_gain":0.0,"max_hp_loss":0.0,"gold_gain":0.0,"event_name":"Liars Game","player_choice":"Ignored","floor":3.0,"gold_loss":0.0,"damage_taken":0.0},{"damage_healed":0.0,"max_hp_gain":0.0,"max_hp_loss":0.0,"gold_gain":0.0,"cards_transformed":["Strike_B"],"event_name":"Living Wall","player_choice":"Change","floor":4.0,"gold_loss":0.0,"damage_taken":0.0,"cards_obtained":["Leap"]},{"damage_healed":25.0,"max_hp_gain":0.0,"max_hp_loss":0.0,"gold_gain":0.0,"event_name":"Big Fish","player_choice":"Banana","floor":10.0,"gold_loss":0.0,"damage_taken":0.0},{"damage_healed":0,"gold_gain":0,"player_choice":"Obtained Relic","damage_taken":0,"relics_obtained":["War Paint"],"max_hp_gain":0,"max_hp_loss":0,"event_name":"Addict","floor":19,"gold_loss":85},{"damage_healed":0,"gold_gain":0,"player_choice":"Shed Blood","damage_taken":19,"max_hp_gain":5,"max_hp_loss":0,"event_name":"Forgotten Altar","floor":20,"gold_loss":0},{"damage_healed":0,"gold_gain":0,"player_choice":"Became a Ghost","damage_taken":0,"max_hp_gain":0,"max_hp_loss":40,"event_name":"Ghosts","floor":28,"gold_loss":0,"cards_obtained":["Ghostly","Ghostly","Ghostly","Ghostly","Ghostly"]},{"damage_healed":0,"gold_gain":100,"player_choice":"Pray","damage_taken":0,"max_hp_gain":0,"max_hp_loss":0,"event_name":"Golden Shrine","floor":29,"gold_loss":0},{"damage_healed":0,"gold_gain":0,"player_choice":"Ignored","damage_taken":0,"max_hp_gain":0,"max_hp_loss":0,"event_name":"Tomb of Lord Red Mask","floor":36,"gold_loss":0},{"damage_healed":0,"gold_gain":0,"player_choice":"Memory 1","damage_taken":0,"max_hp_gain":0,"max_hp_loss":0,"event_name":"SensoryStone","floor":37,"gold_loss":0},{"cards_removed":["Beam Cell"],"damage_healed":0,"gold_gain":0,"player_choice":"Removed Attack","damage_taken":0,"max_hp_gain":0,"max_hp_loss":0,"event_name":"Falling","floor":39,"gold_loss":0}],"is_beta":false,"boss_relics":[{"not_picked":["SacredBark","Velvet Choker"],"picked":"Philosopher\u0027s Stone"},{"not_picked":["Black Star","Sozu"],"picked":"FrozenCore"}],"items_purged_floors":[8,21],"is_endless":false,"potions_floor_spawned":[2,7,14,25,31,35,41,44],"killed_by":"Giant Head","ascension_level":9}