{"gold_per_floor":[113,133,145,145,162,162,174,174,174,201,201,229,242,242,242,347,347,365,365,395,395,405,405,417,37,62,81,81,109,109,119,119,119],"floor_reached":33,"playtime":1135,"items_purged":[],"score":393,"play_id":"501e38b9-ba83-4f79-9f4c-a61b14f953f2","local_time":"20230923055205","is_ascension_mode":true,"campfire_choices":[{"data":"Hyperbeam","floor":6,"key":"SMITH"},{"data":"Zap","floor":8,"key":"SMITH"},{"data":"Lockon","floor":11,"key":"SMITH"},{"data":"Loop","floor":15,"key":"SMITH"},{"data":"Fission","floor":23,"key":"SMITH"},{"data":"Panacea","floor":28,"key":"SMITH"},{"data":"Hologram","floor":32,"key":"SMITH"}],"neow_cost":"PERCENT_DAMAGE","seed_source_timestamp":527887356016100,"circlet_count":0,"master_deck":["Strike_B","Strike_B","Defend_B+1","Defend_B","Defend_B","Defend_B","Zap+1","Dualcast","Compile Driver+1","Lockon+1","Hyperbeam+1","Auto Shields","Loop+1","Aggregate","Fission+1","Hologram+1","Glacier","Ball Lightning","Panacea+1","Compile Driver"],"relics":["Cracked Core","DataDisk","Omamori","Kunai","SlaversCollar","Red Mask","Prayer Wheel","Anchor","The Courier"],"potions_floor_usage":[16,18,33,33,33],"damage_taken":[{"damage":0,"enemies":"Cultist","floor":1,"turns":4},{"damage":0,"enemies":"Jaw Worm","floor":2,"turns":3},{"damage":1,"enemies":"Small Slimes","floor":3,"turns":3},{"damage":0,"enemies":"2 Fungi Beasts","floor":5,"turns":2},{"damage":11,"enemies":"Looter","floor":7,"turns":2},{"damage":2,"enemies":"3 Sentries","floor":10,"turns":2},{"damage":11,"enemies":"Lagavulin","floor":12,"turns":5},{"damage":2,"enemies":"Large Slime","floor":13,"turns":3},{"damage":25,"enemies":"Hexaghost","floor":16,"turns":5},{"damage":0,"enemies":"3 Byrds","floor":18,"turns":1},{"damage":0,"enemies":"Masked Bandits","floor":20,"turns":1},{"damage":2,"enemies":"Chosen","floor":22,"turns":4},{"damage":0,"enemies":"Centurion and Healer","floor":24,"turns":6},{"damage":0,"enemies":"Sentry and Sphere","floor":27,"turns":3},{"damage":0,"enemies":"Slavers","floor":29,"turns":3},{"damage":12,"enemies":"Snake Plant","floor":31,"turns":5},{"damage":57,"enemies":"Collector","floor":33,"turns":10}],"seed_played":"7308952424783887444","potions_obtained":[{"floor":2,"key":"Fire Potion"},{"floor":5,"key":"DuplicationPotion"},{"floor":10,"key":"EssenceOfDarkness"},{"floor":16,"key":"GamblersBrew"},{"floor":20,"key":"Weak Potion"},{"floor":29,"key":"Energy Potion"}],"is_trial":false,"path_per_floor":["M","M","M","?","M","R","M","R","T","E","R","E","M","?","R","B",null,"M","?","?","?","M","R","M","$","T","M","R","E","T","M","R","B"],"character_chosen":"DEFECT","items_purchased":["Panacea","Prayer Wheel"],"campfire_rested":0,"item_purchase_floors":[25,25],"current_hp_per_floor":[50,50,49,34,34,34,23,23,23,21,21,10,8,33,33,8,58,58,58,58,44,42,42,42,42,42,42,42,42,42,30,30,0],"gold":119,"neow_bonus":"REMOVE_TWO","is_prod":false,"is_daily":false,"chose_seed":false,"campfire_upgraded":7,"win_rate":0,"timestamp":1695473525,"path_taken":["M","M","M","?","M","R","M","R","T","E","R","E","M","?","R","BOSS","M","?","?","?","M","R","M","$","T","M","R","E","?","M","R","BOSS"],"build_version":"2022-12-18","purchased_purges":0,"victory":false,"max_hp_per_floor":[75,75,75,75,75,75,75,75,75,75,75,75,75,75,75,75,75,75,75,75,80,80,80,80,80,80,80,80,80,80,80,80,80],"card_choices":[{"not_picked":["Streamline","Coolheaded"],"picked":"Compile Driver","floor":1},{"not_picked":["Redo","Barrage"],"picked":"Lockon","floor":2},{"not_picked":["Chaos","Rip and Tear"],"picked":"Hyperbeam","floor":3},{"not_picked":["Barrage","Lockon","Streamline"],"picked":"SKIP","floor":5},{"not_picked":["White Noise","Steam Power"],"picked":"Auto Shields","floor":7},{"not_picked":["Streamline","Redo"],"picked":"Loop","floor":10},{"not_picked":["Sweeping Beam","Creative AI","Hologram"],"picked":"SKIP","floor":12},{"not_picked":["Compile Driver","Steam Power"],"picked":"Aggregate","floor":13},{"not_picked":["Reboot","Machine Learning"],"picked":"Fission","floor":16},{"not_picked":["Beam Cell","Static Discharge","Barrage"],"picked":"SKIP","floor":18},{"not_picked":["Auto Shields","Undo"],"picked":"Hologram","floor":20},{"not_picked":["Fusion","Static Discharge+1"],"picked":"Glacier","floor":22},{"not_picked":["Conserve Battery","Reprogram"],"picked":"Ball Lightning","floor":24},{"not_picked":["Conserve Battery","Amplify","Lockon"],"picked":"SKIP","floor":27},{"not_picked":["Cold Snap+1","Stack","Lockon"],"picked":"SKIP","floor":27},{"not_picked":["Cold Snap","Redo","Reboot"],"picked":"SKIP","floor":29},{"not_picked":["Melter","Steam+1"],"picked":"Compile Driver","floor":31},{"not_picked":["Redo","Melter","Gash"],"picked":"SKIP","floor":31}],"player_experience":714271,"relics_obtained":[{"floor":9,"key":"DataDisk"},{"floor":10,"key":"Omamori"},{"floor":12,"key":"Kunai"},{"floor":20,"key":"Red Mask"},{"floor":26,"key":"Anchor"},{"floor":29,"key":"The Courier"}],"event_choices":[{"damage_healed":0,"gold_gain":0,"player_choice":"Entered Light","damage_taken":15,"max_hp_gain":0,"max_hp_loss":0,"event_name":"Shining Light","floor":4,"gold_loss":0,"cards_upgraded":["Defend_B","Compile Driver"]},{"damage_healed":25,"gold_gain":0,"player_choice":"Banana","damage_taken":0,"max_hp_gain":0,"max_hp_loss":0,"event_name":"Big Fish","floor":14,"gold_loss":0},{"damage_healed":0,"gold_gain":0,"player_choice":"Ignored","damage_taken":0,"max_hp_gain":0,"max_hp_loss":0,"event_name":"The Mausoleum","floor":19,"gold_loss":0},{"damage_healed":0,"gold_gain":0,"player_choice":"Fought Bandits","damage_taken":0,"max_hp_gain":0,"max_hp_loss":0,"event_name":"Masked Bandits","floor":20,"gold_loss":0},{"damage_healed":0,"gold_gain":0,"player_choice":"Shed Blood","damage_taken":19,"max_hp_gain":5,"max_hp_loss":0,"event_name":"Forgotten Altar","floor":21,"gold_loss":0}],"is_beta":false,"boss_relics":[{"not_picked":["Ectoplasm","Inserter"],"picked":"SlaversCollar"}],"items_purged_floors":[],"is_endless":false,"potions_floor_spawned":[2,5,10,12,16,20,29,31],"killed_by":"Collector","ascension_level":6}