{"gold_per_floor":[116,131,150,164,182,217,217,247,247,247,281,311,311,342,342,445,445,460,303,321,321,336,336,362,362,386,414,23,37,37,56,56,160,160,172,172,227,227,1,27,27,27,79,93,127,140,140,173,173,173],"floor_reached":50,"playtime":2497,"items_purged":["Strike_B","Strike_B"],"score":754,"play_id":"1d106a51-0659-43f9-b637-50e0fc75a376","local_time":"20230919215118","is_ascension_mode":true,"campfire_choices":[{"data":"Beam Cell","floor":7,"key":"SMITH"},{"floor":13,"key":"REST"},{"data":"Rip and Tear","floor":15,"key":"SMITH"},{"data":"Sunder","floor":23,"key":"SMITH"},{"data":"Fission","floor":25,"key":"SMITH"},{"data":"Machine Learning","floor":30,"key":"SMITH"},{"data":"Seek","floor":32,"key":"SMITH"},{"data":"Capacitor","floor":41,"key":"SMITH"},{"data":"Amplify","floor":47,"key":"SMITH"},{"floor":49,"key":"RECALL"}],"neow_cost":"NONE","seed_source_timestamp":238463529945800,"circlet_count":0,"master_deck":["Defend_B","Defend_B","Defend_B","Defend_B","Zap","Dualcast","Reboot","Cold Snap","Beam Cell+1","Auto Shields","Conserve Battery","Coolheaded","Fission+1","Sunder+1","Rip and Tear+1","Seek+1","Coolheaded+1","Panacea","Skim+1","Compile Driver+1","Machine Learning+1","Capacitor+1","Amplify+1","Hologram","Electrodynamics","Tempest+1","White Noise+1","Static Discharge","Coolheaded+1","Panacea","Storm","Go for the Eyes+1","Heatsinks"],"relics":["Cracked Core","Sundial","CaptainsWheel","Mummified Hand","InkBottle","Coffee Dripper","Kunai","MawBank","ClockworkSouvenir","SlaversCollar","Ice Cream","OrangePellets","HornCleat","Strawberry","TungstenRod","MealTicket"],"potions_floor_usage":[8,11,16,21,24],"damage_taken":[{"damage":0,"enemies":"Cultist","floor":1,"turns":4},{"damage":0,"enemies":"Jaw Worm","floor":2,"turns":3},{"damage":0,"enemies":"Small Slimes","floor":3,"turns":2},{"damage":8,"enemies":"Exordium Thugs","floor":4,"turns":5},{"damage":12,"enemies":"Lots of Slimes","floor":5,"turns":5},{"damage":23,"enemies":"Gremlin Nob","floor":6,"turns":5},{"damage":14,"enemies":"3 Sentries","floor":8,"turns":7},{"damage":16,"enemies":"Gremlin Nob","floor":11,"turns":5},{"damage":3,"enemies":"Lagavulin","floor":14,"turns":5},{"damage":16,"enemies":"Hexaghost","floor":16,"turns":8},{"damage":0,"enemies":"Shell Parasite","floor":18,"turns":3},{"damage":8,"enemies":"2 Thieves","floor":20,"turns":3},{"damage":6,"enemies":"3 Cultists","floor":22,"turns":6},{"damage":11,"enemies":"Slavers","floor":24,"turns":3},{"damage":5,"enemies":"Centurion and Healer","floor":27,"turns":5},{"damage":1,"enemies":"Snake Plant","floor":29,"turns":2},{"damage":0,"enemies":"Snecko","floor":31,"turns":4},{"damage":8,"enemies":"Champ","floor":33,"turns":11},{"damage":0,"enemies":"3 Darklings","floor":35,"turns":2},{"damage":13,"enemies":"2 Orb Walkers","floor":37,"turns":3},{"damage":13,"enemies":"Nemesis","floor":40,"turns":7},{"damage":0,"enemies":"Orb Walker","floor":44,"turns":3},{"damage":2,"enemies":"Reptomancer","floor":45,"turns":5},{"damage":23,"enemies":"Jaw Worm Horde","floor":46,"turns":2},{"damage":0,"enemies":"Giant Head","floor":48,"turns":6},{"damage":32,"enemies":"Awakened One","floor":50,"turns":6}],"seed_played":"-9078565996319335690","potions_obtained":[{"floor":2,"key":"Regen Potion"},{"floor":6,"key":"Explosive Potion"},{"floor":11,"key":"PotionOfCapacity"},{"floor":14,"key":"SkillPotion"},{"floor":16,"key":"LiquidMemories"},{"floor":20,"key":"DuplicationPotion"},{"floor":21,"key":"Fruit Juice"},{"floor":21,"key":"Energy Potion"},{"floor":24,"key":"LiquidBronze"},{"floor":37,"key":"PotionOfCapacity"}],"is_trial":false,"path_per_floor":["M","M","M","M","M","E","R","E","T","?","E","?","R","E","R","B",null,"M","$","M","?","M","R","E","R","T","M","$","M","R","M","R","B",null,"M","?","?","?","$","E","R","?","T","M","E","M","R","E","R","B"],"character_chosen":"DEFECT","items_purchased":["Panacea","ClockworkSouvenir","Capacitor","Amplify","OrangePellets","Static Discharge"],"campfire_rested":1,"item_purchase_floors":[19,28,28,28,39,39],"current_hp_per_floor":[75,75,75,67,55,32,32,18,18,11,9,9,31,28,28,12,75,75,75,67,72,66,66,55,55,55,50,50,49,49,49,49,41,80,80,76,63,63,63,50,50,50,57,57,55,32,32,32,32,0],"gold":173,"neow_bonus":"TRANSFORM_CARD","is_prod":false,"is_daily":false,"chose_seed":false,"campfire_upgraded":8,"win_rate":0,"timestamp":1695185478,"path_taken":["M","?","M","M","M","E","R","E","T","?","E","?","R","E","R","BOSS","M","$","M","?","M","R","E","R","T","M","?","?","R","M","R","BOSS","M","?","?","?","$","E","R","?","T","M","E","M","R","E","R","BOSS"],"build_version":"2022-12-18","purchased_purges":2,"victory":false,"max_hp_per_floor":[75,75,75,75,75,75,75,75,75,75,75,75,75,75,75,75,75,75,75,75,80,80,80,80,80,80,80,80,80,80,80,80,80,80,80,76,76,76,76,76,76,76,83,83,83,83,83,83,83,83],"card_choices":[{"not_picked":["Rebound","Recycle"],"picked":"Cold Snap","floor":1},{"not_picked":["Conserve Battery","Redo"],"picked":"Cold Snap","floor":2},{"not_picked":["Cold Snap","Gash"],"picked":"Beam Cell","floor":3},{"not_picked":["Force Field","Chaos"],"picked":"Auto Shields","floor":4},{"not_picked":["BootSequence","Skim"],"picked":"Conserve Battery","floor":5},{"not_picked":["Recycle","Gash"],"picked":"Coolheaded","floor":6},{"not_picked":["Static Discharge","Meteor Strike"],"picked":"Fission","floor":8},{"not_picked":["Redo","Beam Cell"],"picked":"Sunder","floor":11},{"not_picked":["Go for the Eyes","Genetic Algorithm"],"picked":"Rip and Tear","floor":14},{"not_picked":["Amplify","Buffer"],"picked":"Seek","floor":16},{"not_picked":["Streamline+1","Turbo+1"],"picked":"Coolheaded+1","floor":18},{"not_picked":["Melter","Rebound"],"picked":"Skim+1","floor":20},{"not_picked":["Steam","Redo"],"picked":"Compile Driver+1","floor":22},{"not_picked":["Sweeping Beam","Compile Driver"],"picked":"Machine Learning","floor":24},{"not_picked":["Scrape","Redo+1","Streamline"],"picked":"SKIP","floor":27},{"not_picked":["Turbo","Rebound"],"picked":"Hologram","floor":29},{"not_picked":["Beam Cell","Compile Driver","BootSequence+1"],"picked":"SKIP","floor":31},{"not_picked":["Multi-Cast","Core Surge"],"picked":"Electrodynamics","floor":33},{"not_picked":["Turbo","Rebound+1"],"picked":"Tempest+1","floor":35},{"not_picked":["Gash","Steam Power+1"],"picked":"White Noise+1","floor":37},{"not_picked":["Reprogram+1","Beam Cell+1"],"picked":"Coolheaded+1","floor":40},{"not_picked":["Madness","Forethought"],"picked":"Panacea","floor":42},{"not_picked":["Beam Cell+1","Auto Shields"],"picked":"Storm","floor":44},{"not_picked":["Machine Learning","Steam"],"picked":"Go for the Eyes+1","floor":45},{"not_picked":["Hello World","Fusion+1","Coolheaded"],"picked":"SKIP","floor":46},{"not_picked":["Turbo+1","Steam"],"picked":"Heatsinks","floor":48}],"player_experience":673426,"relics_obtained":[{"floor":6,"key":"Sundial"},{"floor":8,"key":"CaptainsWheel"},{"floor":11,"key":"Mummified Hand"},{"floor":14,"key":"InkBottle"},{"floor":24,"key":"Kunai"},{"floor":26,"key":"MawBank"},{"floor":37,"key":"Ice Cream"},{"floor":40,"key":"HornCleat"},{"floor":43,"key":"Strawberry"},{"floor":45,"key":"TungstenRod"},{"floor":48,"key":"MealTicket"}],"event_choices":[{"cards_removed":["Strike_B"],"damage_healed":0,"gold_gain":0,"player_choice":"Card Removal","damage_taken":7,"max_hp_gain":0,"max_hp_loss":0,"event_name":"Golden Wing","floor":10,"gold_loss":0},{"damage_healed":0,"gold_gain":30,"player_choice":"Searched \u00271\u0027 times","damage_taken":0,"max_hp_gain":0,"max_hp_loss":0,"event_name":"Dead Adventurer","floor":12,"gold_loss":0},{"damage_healed":0,"gold_gain":0,"player_choice":"Got Potions","damage_taken":0,"max_hp_gain":0,"max_hp_loss":0,"event_name":"Lab","floor":21,"gold_loss":0},{"damage_healed":0,"gold_gain":0,"player_choice":"Max HP","damage_taken":0,"max_hp_gain":0,"max_hp_loss":4,"event_name":"Winding Halls","floor":36,"gold_loss":0},{"damage_healed":0,"gold_gain":0,"player_choice":"Fight","damage_taken":0,"max_hp_gain":0,"max_hp_loss":0,"event_name":"Mysterious Sphere","floor":37,"gold_loss":0},{"cards_removed":["Cold Snap"],"damage_healed":0,"gold_gain":0,"player_choice":"Removed Attack","damage_taken":0,"max_hp_gain":0,"max_hp_loss":0,"event_name":"Falling","floor":38,"gold_loss":0},{"damage_healed":0,"gold_gain":0,"player_choice":"Memory 1","damage_taken":0,"max_hp_gain":0,"max_hp_loss":0,"event_name":"SensoryStone","floor":42,"gold_loss":0}],"is_beta":false,"boss_relics":[{"not_picked":["Black Star","Sozu"],"picked":"Coffee Dripper"},{"not_picked":["Runic Pyramid","Philosopher\u0027s Stone"],"picked":"SlaversCollar"}],"items_purged_floors":[19,28],"is_endless":false,"potions_floor_spawned":[2,6,11,14,16,20,24,27,33,37,40,44],"killed_by":"Awakened One","ascension_level":4}