{"gold_per_floor":[116,116,132,148,161,192,192,142,165,18,18,44,76,90,90,194,194,210,12,31,41,54,54,54,54,105,105,30,49,124,99,99,202,202,215,72,72,88,12,46,46,74,74,88,113,123,123,153,153,153,153,153,8,34,34],"floor_reached":56,"playtime":2980,"items_purged":["Strike_B"],"score":1822,"play_id":"b0198965-76f9-47d3-b52b-32f3c1d5d35d","local_time":"20231007221412","is_ascension_mode":true,"campfire_choices":[{"data":"Lockon","floor":7.0,"key":"SMITH"},{"data":"Zap","floor":11.0,"key":"SMITH"},{"data":"Dualcast","floor":15.0,"key":"SMITH"},{"data":"Defragment","floor":23.0,"key":"SMITH"},{"data":"Steam","floor":25.0,"key":"SMITH"},{"data":"White Noise","floor":27.0,"key":"SMITH"},{"floor":32.0,"key":"REST"},{"data":"Buffer","floor":41.0,"key":"SMITH"},{"data":"Consume","floor":47,"key":"SMITH"},{"floor":49,"key":"RECALL"},{"data":"Hologram","floor":52,"key":"SMITH"}],"neow_cost":"NONE","seed_source_timestamp":142918379300,"circlet_count":0,"master_deck":["AscendersBane","Zap+1","Dualcast+1","Go for the Eyes","Lockon+1","Conserve Battery","Ball Lightning","Compile Driver","Compile Driver","Buffer+1","Melter","Amplify","White Noise+1","All For One","Force Field","Defragment+1","Steam+1","Doom and Gloom+1","Heatsinks+1","Self Repair","Conserve Battery+1","Hologram+1","Electrodynamics","Conserve Battery+1","Core Surge","Cold Snap","Consume+1","Cold Snap","Glacier+1","Loop+1","Coolheaded+1","Biased Cognition"],"special_seed":0,"relics":["Cracked Core","Smiling Mask","Bag of Preparation","Runic Capacitor","Nunchaku","Pandora\u0027s Box","Lee\u0027s Waffle","Orichalcum","Cursed Key","Oddly Smooth Stone","Blood Vial","Toy Ornithopter","Torii","OrangePellets","Happy Flower"],"potions_floor_usage":[55,55],"damage_taken":[{"damage":2.0,"enemies":"Jaw Worm","floor":1.0,"turns":3.0},{"damage":0.0,"enemies":"Cultist","floor":3.0,"turns":4.0},{"damage":0.0,"enemies":"2 Louse","floor":4.0,"turns":2.0},{"damage":4.0,"enemies":"2 Fungi Beasts","floor":5.0,"turns":3.0},{"damage":19.0,"enemies":"Lagavulin","floor":6.0,"turns":7.0},{"damage":23.0,"enemies":"3 Sentries","floor":13.0,"turns":6.0},{"damage":0.0,"enemies":"3 Louse","floor":14.0,"turns":2.0},{"damage":18.0,"enemies":"Hexaghost","floor":16.0,"turns":7.0},{"damage":22.0,"enemies":"2 Thieves","floor":18.0,"turns":4.0},{"damage":0.0,"enemies":"Spheric Guardian","floor":20.0,"turns":3.0},{"damage":35.0,"enemies":"3 Cultists","floor":21.0,"turns":5.0},{"damage":16.0,"enemies":"Centurion and Healer","floor":22.0,"turns":8.0},{"damage":12.0,"enemies":"Snake Plant","floor":29.0,"turns":3.0},{"damage":6.0,"enemies":"Automaton","floor":33.0,"turns":9.0},{"damage":35.0,"enemies":"3 Darklings","floor":35.0,"turns":5.0},{"damage":9.0,"enemies":"Orb Walker","floor":38.0,"turns":4.0},{"damage":0.0,"enemies":"Giant Head","floor":40.0,"turns":8.0},{"damage":21.0,"enemies":"Reptomancer","floor":42.0,"turns":5.0},{"damage":18,"enemies":"4 Shapes","floor":44,"turns":4},{"damage":47,"enemies":"Nemesis","floor":45,"turns":7},{"damage":2,"enemies":"Jaw Worm Horde","floor":46,"turns":4},{"damage":0,"enemies":"Giant Head","floor":48,"turns":8},{"damage":39,"enemies":"Awakened One","floor":50,"turns":21},{"damage":21,"enemies":"Shield and Spear","floor":54,"turns":5},{"damage":47,"enemies":"The Heart","floor":55,"turns":12}],"seed_played":"6223418007834307378","potions_obtained":[{"floor":3.0,"key":"Block Potion"},{"floor":5.0,"key":"Dexterity Potion"},{"floor":6.0,"key":"FocusPotion"},{"floor":14.0,"key":"Dexterity Potion"},{"floor":21.0,"key":"BlessingOfTheForge"},{"floor":29.0,"key":"Explosive Potion"},{"floor":38.0,"key":"FairyPotion"},{"floor":45,"key":"LiquidBronze"}],"is_trial":false,"path_per_floor":["M","?","M","M","M","E","R","$","T","$","R","T","E","M","R","B",null,"M","$","M","M","M","R","?","R","T","R","?","M","?","$","R","B",null,"M","$","?","M","$","E","R","E","T","M","E","M","R","E","R","B",null,"R","$","E","B",null],"character_chosen":"DEFECT","items_purchased":["Runic Capacitor","Lee\u0027s Waffle","Steam","Hologram","Core Surge","Consume","OrangePellets"],"campfire_rested":1,"item_purchase_floors":[10,19,19,31,36,39,53],"current_hp_per_floor":[73,73,73,73,69,50,50,50,50,50,50,50,27,27,27,9,64,42,89,89,54,38,38,38,38,38,38,38,40,32,32,58,59,82,54,54,54,52,52,59,59,45,45,36,33,47,47,56,56,33,75,75,75,56,35],"gold":34,"neow_bonus":"TEN_PERCENT_HP_BONUS","is_prod":false,"is_daily":false,"chose_seed":false,"campfire_upgraded":9,"win_rate":0,"timestamp":1696742052,"path_taken":["M","?","M","M","M","E","R","?","T","$","R","?","E","M","R","BOSS","M","$","?","M","M","R","?","R","T","R","?","M","?","$","R","BOSS","M","?","?","M","$","E","R","E","T","M","E","?","R","E","R","BOSS","R","$","E","BOSS"],"build_version":"2022-12-18","purchased_purges":1,"victory":true,"max_hp_per_floor":[82,82,82,82,82,82,82,82,82,82,82,82,82,82,82,82,82,82,89,89,89,89,89,89,89,89,89,89,89,89,89,89,89,89,89,89,89,89,89,89,89,89,89,89,89,89,89,89,89,89,89,89,89,89,89],"card_choices":[{"not_picked":["Capacitor","Barrage"],"picked":"Go for the Eyes","floor":1.0},{"not_picked":["Stack","Hologram"],"picked":"Lockon","floor":3.0},{"not_picked":["Steam Power","Redo"],"picked":"Conserve Battery","floor":4.0},{"not_picked":["Streamline","Auto Shields"],"picked":"Ball Lightning","floor":5.0},{"not_picked":["Hello World","Multi-Cast"],"picked":"Compile Driver","floor":6.0},{"not_picked":["Gash","Conserve Battery"],"picked":"Compile Driver","floor":13.0},{"not_picked":["Chaos","Conserve Battery","Go for the Eyes"],"picked":"SKIP","floor":14.0},{"not_picked":["Chaos","Conserve Battery","Go for the Eyes"],"picked":"SKIP","floor":14.0},{"not_picked":["Creative AI","Thunder Strike"],"picked":"Buffer","floor":16.0},{"not_picked":["Tempest+1","Beam Cell"],"picked":"Defragment","floor":18.0},{"not_picked":["Storm+1","Darkness"],"picked":"Doom and Gloom+1","floor":20.0},{"not_picked":["Aggregate","Barrage+1"],"picked":"Heatsinks+1","floor":21.0},{"not_picked":["Chill+1","Fusion"],"picked":"Self Repair","floor":22.0},{"not_picked":["Streamline","Compile Driver"],"picked":"Conserve Battery+1","floor":29.0},{"not_picked":["Hyperbeam","Meteor Strike"],"picked":"Electrodynamics","floor":33.0},{"not_picked":["Melter+1","Stack+1"],"picked":"Conserve Battery+1","floor":35.0},{"not_picked":["Rebound+1","Double Energy"],"picked":"Cold Snap","floor":38.0},{"not_picked":["Chaos","Ball Lightning+1"],"picked":"Cold Snap","floor":40.0},{"not_picked":["Self Repair","Fusion+1","Go for the Eyes"],"picked":"SKIP","floor":42.0},{"not_picked":["Conserve Battery","Cold Snap","Consume"],"picked":"SKIP","floor":44},{"not_picked":["Conserve Battery","Tempest+1"],"picked":"Glacier+1","floor":45},{"not_picked":["Recycle","Doom and Gloom"],"picked":"Loop+1","floor":46},{"not_picked":["Compile Driver","Reinforced Body"],"picked":"Coolheaded+1","floor":48},{"not_picked":["Streamline","Gash+1"],"picked":"Biased Cognition","floor":54}],"player_experience":824979,"relics_obtained":[{"floor":6.0,"key":"Smiling Mask"},{"floor":9.0,"key":"Bag of Preparation"},{"floor":13.0,"key":"Nunchaku"},{"floor":26.0,"key":"Orichalcum"},{"floor":40.0,"key":"Oddly Smooth Stone"},{"floor":42.0,"key":"Blood Vial"},{"floor":45,"key":"Toy Ornithopter"},{"floor":48,"key":"Torii"},{"floor":54,"key":"Happy Flower"}],"event_choices":[{"cards_removed":["Strike_B"],"damage_healed":0.0,"max_hp_gain":0.0,"max_hp_loss":0.0,"gold_gain":0.0,"event_name":"Purifier","player_choice":"Purged","floor":2.0,"gold_loss":0.0,"damage_taken":0.0},{"cards_removed":["Creative AI"],"damage_healed":0.0,"max_hp_gain":0.0,"max_hp_loss":0.0,"gold_gain":0.0,"event_name":"Beggar","player_choice":"Gave Gold","floor":28.0,"gold_loss":75.0,"damage_taken":0.0},{"damage_healed":0.0,"max_hp_gain":0.0,"max_hp_loss":0.0,"gold_gain":75.0,"event_name":"FaceTrader","player_choice":"Touch","floor":30.0,"gold_loss":0.0,"damage_taken":8.0},{"damage_healed":0.0,"max_hp_gain":0.0,"max_hp_loss":0.0,"gold_gain":0.0,"event_name":"The Woman in Blue","player_choice":"Bought 0 Potions","floor":37.0,"gold_loss":0.0,"damage_taken":0.0}],"is_beta":false,"boss_relics":[{"not_picked":["Snecko Eye","Black Star"],"picked":"Pandora\u0027s Box"},{"not_picked":["Astrolabe","Runic Dome"],"picked":"Cursed Key"}],"items_purged_floors":[8],"is_endless":false,"potions_floor_spawned":[3,5,6,14,21,29,38,40,42,45],"ascension_level":11}