{"gold_per_floor":[20,37,37,52,67,67,94,94,94,122,134,168,184,215,215,312,312,323,178,277,265,279,279,293,293,318,96,106,136,136,166,166,261,261,276,286,286,340,340],"floor_reached":39,"playtime":1884,"items_purged":[],"score":777,"play_id":"39332d20-a854-4ce7-940b-9ec7eb0e17c7","local_time":"20231007023001","is_ascension_mode":true,"campfire_choices":[{"data":"Barrage","floor":6,"key":"SMITH"},{"data":"Defragment","floor":8,"key":"SMITH"},{"floor":15,"key":"REST"},{"data":"Darkness","floor":23,"key":"SMITH"},{"data":"Biased Cognition","floor":25,"key":"SMITH"},{"floor":32,"key":"REST"}],"neow_cost":"NO_GOLD","seed_source_timestamp":1724646509712300,"circlet_count":0,"master_deck":["AscendersBane","Zap","Dualcast","Coolheaded","Darkness+1","Barrage+1","Lockon","Defragment+1","Undo","Cold Snap","Go for the Eyes","Coolheaded","Double Energy","Multi-Cast","Capacitor","Biased Cognition+1","Reinforced Body","Blizzard","Core Surge","Aggregate+1","Hologram","Glacier","Hologram+1","Redo","Biased Cognition","Turbo","Compile Driver+1","Compile Driver+1"],"relics":["Cracked Core","Calipers","Art of War","Strawberry","Sundial","Torii","Lantern","Pandora\u0027s Box","Frozen Eye","Happy Flower","Lee\u0027s Waffle","Nunchaku","Prayer Wheel","Coffee Dripper","FossilizedHelix"],"potions_floor_usage":[10,12,14,14,33,33],"damage_taken":[{"damage":1,"enemies":"2 Louse","floor":1,"turns":2},{"damage":2,"enemies":"Jaw Worm","floor":2,"turns":3},{"damage":0,"enemies":"Small Slimes","floor":4,"turns":4},{"damage":6,"enemies":"Exordium Wildlife","floor":5,"turns":5},{"damage":19,"enemies":"Lagavulin","floor":7,"turns":6},{"damage":18,"enemies":"3 Sentries","floor":10,"turns":6},{"damage":5,"enemies":"2 Fungi Beasts","floor":11,"turns":4},{"damage":0,"enemies":"Lagavulin","floor":12,"turns":4},{"damage":0,"enemies":"Blue Slaver","floor":13,"turns":4},{"damage":13,"enemies":"Gremlin Nob","floor":14,"turns":4},{"damage":30,"enemies":"Slime Boss","floor":16,"turns":10},{"damage":0,"enemies":"Chosen","floor":18,"turns":5},{"damage":1,"enemies":"2 Thieves","floor":21,"turns":4},{"damage":4,"enemies":"Chosen and Byrds","floor":22,"turns":7},{"damage":1,"enemies":"Cultist and Chosen","floor":24,"turns":6},{"damage":0,"enemies":"Snecko","floor":28,"turns":5},{"damage":44,"enemies":"Slavers","floor":29,"turns":4},{"damage":0,"enemies":"Book of Stabbing","floor":31,"turns":3},{"damage":23,"enemies":"Collector","floor":33,"turns":9},{"damage":0,"enemies":"Orb Walker","floor":35,"turns":5},{"damage":0,"enemies":"3 Darklings","floor":36,"turns":6},{"damage":78,"enemies":"2 Orb Walkers","floor":38,"turns":9},{"damage":1,"enemies":"Writhing Mass","floor":39,"turns":3}],"seed_played":"-2775489649967222441","potions_obtained":[{"floor":1,"key":"DuplicationPotion"},{"floor":5,"key":"Strength Potion"},{"floor":11,"key":"FearPotion"},{"floor":12,"key":"Energy Potion"},{"floor":18,"key":"SteroidPotion"},{"floor":28,"key":"BlessingOfTheForge"},{"floor":38,"key":"SneckoOil"}],"is_trial":false,"path_per_floor":["M","M","?","M","M","R","E","R","T","E","M","E","M","E","R","B",null,"M","$","?","M","M","R","M","R","T","$","M","E","?","E","R","B",null,"M","M","?","?","M"],"character_chosen":"DEFECT","items_purchased":["Frozen Eye","Lee\u0027s Waffle","Glacier"],"campfire_rested":2,"item_purchase_floors":[19,27,27],"current_hp_per_floor":[67,65,65,65,59,59,40,40,47,29,24,24,24,11,35,5,63,63,63,63,62,58,58,57,57,57,89,89,45,45,45,71,48,79,79,79,79,1,0],"gold":340,"neow_bonus":"ONE_RARE_RELIC","is_prod":false,"is_daily":false,"chose_seed":false,"campfire_upgraded":4,"win_rate":0,"timestamp":1696671001,"path_taken":["M","M","?","M","M","R","E","R","T","E","M","E","M","E","R","BOSS","M","$","?","M","M","R","M","R","T","$","M","E","?","E","R","BOSS","M","M","?","?","M"],"build_version":"2022-12-18","purchased_purges":0,"victory":false,"max_hp_per_floor":[75,75,75,75,75,75,75,75,82,82,82,82,82,82,82,82,82,82,82,82,82,82,82,82,82,82,89,89,89,89,89,89,89,89,89,89,89,89,89],"card_choices":[{"not_picked":["Stack","Force Field","Redo"],"picked":"SKIP","floor":1},{"not_picked":["Multi-Cast","Gash"],"picked":"Coolheaded","floor":2},{"not_picked":["Gash","Chill"],"picked":"Barrage","floor":4},{"not_picked":["Compile Driver","Streamline"],"picked":"Lockon","floor":5},{"not_picked":["Cold Snap","Sunder"],"picked":"Defragment","floor":7},{"not_picked":["Blizzard","Recycle","Amplify"],"picked":"SKIP","floor":10},{"not_picked":["Redo","Steam"],"picked":"Undo","floor":11},{"not_picked":["Turbo","Storm"],"picked":"Cold Snap","floor":12},{"not_picked":["Streamline","Stack"],"picked":"Go for the Eyes","floor":13},{"not_picked":["Rip and Tear","Beam Cell"],"picked":"Coolheaded","floor":14},{"not_picked":["Coolheaded+1","Hologram+1"],"picked":"Aggregate+1","floor":18},{"not_picked":["Leap","Gash+1","Sweeping Beam+1"],"picked":"SKIP","floor":21},{"not_picked":["Stack+1","Ball Lightning","Genetic Algorithm"],"picked":"SKIP","floor":22},{"not_picked":["Steam","Chill+1"],"picked":"Hologram","floor":24},{"not_picked":["Barrage","Streamline","Compile Driver"],"picked":"SKIP","floor":28},{"not_picked":["Chaos","Leap"],"picked":"Hologram+1","floor":29},{"not_picked":["Reboot","Streamline"],"picked":"Redo","floor":31},{"not_picked":["Meteor Strike","Hyperbeam"],"picked":"Biased Cognition","floor":33},{"not_picked":["Conserve Battery+1","Fusion","Blizzard"],"picked":"SKIP","floor":35},{"not_picked":["Go for the Eyes","Ball Lightning+1","Beam Cell+1"],"picked":"SKIP","floor":35},{"not_picked":["Sweeping Beam","Stack"],"picked":"Turbo","floor":36},{"not_picked":["Leap+1","Capacitor"],"picked":"Compile Driver+1","floor":36},{"not_picked":["Hologram+1","Go for the Eyes+1"],"picked":"Compile Driver+1","floor":38}],"player_experience":822894,"relics_obtained":[{"floor":7,"key":"Art of War"},{"floor":9,"key":"Strawberry"},{"floor":10,"key":"Sundial"},{"floor":12,"key":"Torii"},{"floor":14,"key":"Lantern"},{"floor":26,"key":"Happy Flower"},{"floor":29,"key":"Nunchaku"},{"floor":31,"key":"Prayer Wheel"},{"floor":38,"key":"FossilizedHelix"}],"event_choices":[{"damage_healed":0,"gold_gain":0,"cards_transformed":["Strike_B"],"player_choice":"Change","damage_taken":0,"max_hp_gain":0,"max_hp_loss":0,"event_name":"Living Wall","floor":3,"gold_loss":0,"cards_obtained":["Darkness"]},{"damage_healed":0,"gold_gain":99,"player_choice":"Stole From Cult","damage_taken":0,"max_hp_gain":0,"max_hp_loss":0,"event_name":"Nest","floor":20,"gold_loss":0},{"damage_healed":0,"gold_gain":0,"player_choice":"Ignored","damage_taken":0,"max_hp_gain":0,"max_hp_loss":0,"event_name":"Vampires","floor":30,"gold_loss":0},{"damage_healed":0,"gold_gain":0,"player_choice":"Memory 1","damage_taken":0,"max_hp_gain":0,"max_hp_loss":0,"event_name":"SensoryStone","floor":37,"gold_loss":0},{"damage_healed":0,"gold_gain":0,"player_choice":"Fight","damage_taken":0,"max_hp_gain":0,"max_hp_loss":0,"event_name":"Mysterious Sphere","floor":38,"gold_loss":0}],"is_beta":false,"boss_relics":[{"not_picked":["Black Star","SacredBark"],"picked":"Pandora\u0027s Box"},{"not_picked":["Tiny House","Philosopher\u0027s Stone"],"picked":"Coffee Dripper"}],"items_purged_floors":[],"is_endless":false,"potions_floor_spawned":[1,5,11,12,18,28,29,38],"killed_by":"Writhing Mass","ascension_level":11}