{"gold_per_floor":[116,131,145,157,157,157,175,275,351,377,377,387,387,398,398,502,502,502,403,403,358,358,358,358,358,358,358,358,358,358,358,358,358,358,358,111,111,111,111,111,111,111,111,111,111,111,61,61,61,61,61,61,11,11,11],"floor_reached":56,"playtime":3239,"items_purged":["Dualcast","Strike_B","Strike_B","Strike_B"],"score":2091,"play_id":"7a24f0ee-8925-418c-92af-be48e18341c1","local_time":"20230929163700","is_ascension_mode":true,"campfire_choices":[{"data":"Hyperbeam","floor":6,"key":"SMITH"},{"data":"Reprogram","floor":11,"key":"SMITH"},{"data":"Hologram","floor":13,"key":"SMITH"},{"floor":15,"key":"REST"},{"data":"Zap","floor":23,"key":"SMITH"},{"data":"Hologram","floor":25,"key":"SMITH"},{"data":"Fusion","floor":32,"key":"SMITH"},{"data":"Beam Cell","floor":40,"key":"SMITH"},{"floor":49,"key":"RECALL"},{"data":"Recycle","floor":52,"key":"SMITH"}],"neow_cost":"PERCENT_DAMAGE","seed_source_timestamp":1082889773274800,"circlet_count":0,"master_deck":["AscendersBane","Defend_B","Defend_B","Defend_B","Zap+1","Hyperbeam+1","Reprogram+1","Auto Shields","Hologram+1","Steam","Rebound","Skim","Core Surge","Barrage+1","Go for the Eyes+1","Steam Power+1","Hologram+1","Seek","Beam Cell+1","Ghostly","Ghostly","Ghostly","Ghostly","Ghostly","Hologram+1","Fusion+1","Rebound","Machine Learning","Reprogram+1","Hologram+1","Steam","Seek","Recycle+1","Recycle+1"],"relics":["Cracked Core","Ornamental Fan","Thread and Needle","Ectoplasm","Bag of Marbles","White Beast Statue","Tiny Chest","Oddly Smooth Stone","Runic Pyramid","DollysMirror","PreservedInsect","Cables","Smiling Mask","Potion Belt","Centennial Puzzle"],"potions_floor_usage":[44,55,55,55],"damage_taken":[{"damage":0,"enemies":"Small Slimes","floor":1,"turns":3},{"damage":1,"enemies":"Jaw Worm","floor":2,"turns":3},{"damage":1,"enemies":"Cultist","floor":3,"turns":3},{"damage":0,"enemies":"Exordium Wildlife","floor":4,"turns":2},{"damage":19,"enemies":"Lots of Slimes","floor":7,"turns":3},{"damage":24,"enemies":"Lagavulin","floor":10,"turns":8},{"damage":0,"enemies":"Looter","floor":12,"turns":2},{"damage":0,"enemies":"Blue Slaver","floor":14,"turns":2},{"damage":19,"enemies":"The Guardian","floor":16,"turns":16},{"damage":0,"enemies":"Chosen","floor":18,"turns":3},{"damage":2,"enemies":"2 Thieves","floor":21,"turns":4},{"damage":1,"enemies":"Cultist and Chosen","floor":22,"turns":7},{"damage":21,"enemies":"Book of Stabbing","floor":24,"turns":5},{"damage":0,"enemies":"Gremlin Leader","floor":27,"turns":5},{"damage":4,"enemies":"Centurion and Healer","floor":28,"turns":4},{"damage":0,"enemies":"Book of Stabbing","floor":30,"turns":6},{"damage":16,"enemies":"Champ","floor":33,"turns":15},{"damage":0,"enemies":"3 Darklings","floor":35,"turns":3},{"damage":0,"enemies":"Orb Walker","floor":37,"turns":5},{"damage":0,"enemies":"Writhing Mass","floor":38,"turns":9},{"damage":8,"enemies":"Sphere and 2 Shapes","floor":41,"turns":6},{"damage":0,"enemies":"Nemesis","floor":42,"turns":7},{"damage":0,"enemies":"Giant Head","floor":44,"turns":6},{"damage":9,"enemies":"Transient","floor":45,"turns":5},{"damage":0,"enemies":"Nemesis","floor":46,"turns":5},{"damage":0,"enemies":"Reptomancer","floor":48,"turns":6},{"damage":47,"enemies":"Donu and Deca","floor":50,"turns":9},{"damage":0,"enemies":"Shield and Spear","floor":54,"turns":9},{"damage":26,"enemies":"The Heart","floor":55,"turns":13}],"seed_played":"7807447965182277633","potions_obtained":[{"floor":1,"key":"FairyPotion"},{"floor":3,"key":"FocusPotion"},{"floor":4,"key":"SpeedPotion"},{"floor":12,"key":"FairyPotion"},{"floor":33,"key":"AttackPotion"},{"floor":42,"key":"Regen Potion"},{"floor":44,"key":"Strength Potion"},{"floor":48,"key":"ColorlessPotion"},{"floor":54,"key":"Swift Potion"}],"is_trial":false,"path_per_floor":["M","M","M","M","?","R","M","?","T","E","R","M","R","M","R","B",null,"M","$","?","M","M","R","E","R","T","E","M","?","E","?","R","B",null,"M","$","M","M","T","R","M","E","T","E","M","E","$","E","R","B",null,"R","$","E","B",null],"character_chosen":"DEFECT","items_purchased":["Go for the Eyes","DollysMirror"],"campfire_rested":1,"item_purchase_floors":[19,36],"current_hp_per_floor":[50,49,48,48,48,48,29,29,29,5,5,5,5,5,27,8,58,58,58,58,56,55,55,34,34,34,34,30,30,30,30,30,14,31,31,31,31,31,31,31,23,23,23,37,28,28,28,28,28,11,31,31,31,31,5],"gold":11,"neow_bonus":"THREE_RARE_CARDS","is_prod":false,"is_daily":false,"chose_seed":false,"campfire_upgraded":8,"win_rate":0,"timestamp":1696030620,"path_taken":["M","M","M","M","?","R","M","?","T","E","R","M","R","?","R","BOSS","M","$","?","M","M","R","E","R","T","E","?","?","E","?","R","BOSS","M","$","M","M","?","R","?","E","T","E","?","E","$","E","R","BOSS","R","$","E","BOSS"],"build_version":"2022-12-18","purchased_purges":4,"victory":true,"max_hp_per_floor":[75,75,75,75,75,75,75,75,75,75,75,75,75,75,75,75,75,75,75,75,75,75,75,75,75,75,75,75,37,37,37,37,37,37,37,37,37,37,37,37,37,37,37,37,37,37,37,37,37,37,37,37,37,37,37],"card_choices":[{"not_picked":["Amplify","Rainbow"],"picked":"Hyperbeam","floor":0},{"not_picked":["Loop","Double Energy"],"picked":"Reprogram","floor":1},{"not_picked":["Turbo","Recycle"],"picked":"Auto Shields","floor":2},{"not_picked":["Steam","Static Discharge","Blizzard"],"picked":"SKIP","floor":3},{"not_picked":["Sweeping Beam","Coolheaded"],"picked":"Hologram","floor":4},{"not_picked":["Turbo","Chaos","Ball Lightning"],"picked":"SKIP","floor":7},{"not_picked":["Doom and Gloom","Stack"],"picked":"Steam","floor":10},{"not_picked":["Stack","Rip and Tear"],"picked":"Rebound","floor":12},{"not_picked":["Streamline","Reboot"],"picked":"Skim","floor":14},{"not_picked":["Biased Cognition","Creative AI"],"picked":"Core Surge","floor":16},{"not_picked":["Ball Lightning","Scrape"],"picked":"Barrage+1","floor":18},{"not_picked":["Coolheaded","Leap","Fission"],"picked":"SKIP","floor":21},{"not_picked":["Turbo","Compile Driver"],"picked":"Steam Power+1","floor":22},{"not_picked":["Compile Driver","Turbo"],"picked":"Hologram","floor":24},{"not_picked":["Barrage","Loop+1"],"picked":"Seek","floor":27},{"not_picked":["Sweeping Beam","Leap"],"picked":"Beam Cell","floor":28},{"not_picked":["BootSequence","Buffer"],"picked":"Hologram+1","floor":30},{"not_picked":["Biased Cognition","Amplify"],"picked":"Machine Learning","floor":33},{"not_picked":["Loop","Streamline+1","Leap+1"],"picked":"SKIP","floor":35},{"not_picked":["Stack+1","Turbo"],"picked":"Hologram+1","floor":37},{"not_picked":["Cold Snap+1","Coolheaded","Go for the Eyes+1"],"picked":"SKIP","floor":38},{"not_picked":["Steam","Hologram","Genetic Algorithm"],"picked":"SKIP","floor":41},{"not_picked":["Hologram","Genetic Algorithm"],"picked":"Steam","floor":41},{"not_picked":["Buffer","Conserve Battery+1","Turbo"],"picked":"SKIP","floor":42},{"not_picked":["Auto Shields+1","Compile Driver"],"picked":"Seek","floor":44},{"not_picked":["White Noise+1","Sweeping Beam+1"],"picked":"Recycle","floor":45},{"not_picked":["Rip and Tear+1","Rebound","Double Energy+1"],"picked":"SKIP","floor":46},{"not_picked":["Sweeping Beam+1","Scrape"],"picked":"Recycle+1","floor":48},{"not_picked":["Heatsinks","Steam Power+1","Coolheaded"],"picked":"SKIP","floor":54}],"player_experience":790868,"relics_obtained":[{"floor":9,"key":"Ornamental Fan"},{"floor":10,"key":"Thread and Needle"},{"floor":24,"key":"Bag of Marbles"},{"floor":26,"key":"White Beast Statue"},{"floor":27,"key":"Tiny Chest"},{"floor":30,"key":"Oddly Smooth Stone"},{"floor":42,"key":"PreservedInsect"},{"floor":43,"key":"Cables"},{"floor":46,"key":"Smiling Mask"},{"floor":48,"key":"Potion Belt"},{"floor":54,"key":"Centennial Puzzle"}],"event_choices":[{"damage_healed":0,"gold_gain":0,"player_choice":"Ignored","damage_taken":0,"max_hp_gain":0,"max_hp_loss":0,"event_name":"Liars Game","floor":5,"gold_loss":0},{"damage_healed":0,"gold_gain":100,"player_choice":"Pray","damage_taken":0,"max_hp_gain":0,"max_hp_loss":0,"event_name":"Golden Shrine","floor":8,"gold_loss":0},{"damage_healed":0,"gold_gain":0,"player_choice":"Forge","damage_taken":0,"max_hp_gain":0,"max_hp_loss":0,"event_name":"Accursed Blacksmith","floor":20,"gold_loss":0,"cards_upgraded":["Go for the Eyes"]},{"damage_healed":0,"gold_gain":0,"player_choice":"Became a Ghost","damage_taken":0,"max_hp_gain":0,"max_hp_loss":38,"event_name":"Ghosts","floor":29,"gold_loss":0,"cards_obtained":["Ghostly","Ghostly","Ghostly","Ghostly","Ghostly"]},{"damage_healed":0,"gold_gain":0,"cards_transformed":["Strike_B","Defend_B"],"player_choice":"Became Test Subject","damage_taken":0,"max_hp_gain":0,"max_hp_loss":0,"event_name":"Drug Dealer","floor":31,"gold_loss":0,"cards_obtained":["Fusion","Rebound"]}],"is_beta":false,"boss_relics":[{"not_picked":["Pandora\u0027s Box","Inserter"],"picked":"Ectoplasm"},{"not_picked":["Tiny House","SacredBark"],"picked":"Runic Pyramid"}],"items_purged_floors":[19,36,47,53],"is_endless":false,"potions_floor_spawned":[1,3,4,12,14,21,24,27,28,30,33,35,37,38,41,42,44,45,46,48,54],"ascension_level":10}