{"gold_per_floor":[114,133,150,59,79,79,108,118,118,137,137,137,137,169,169,264,264,283,295,24,24,98,124,136,173,210,222,248,260,302,329,341,458,470,498,314,327,327,377,377,387,422,493,523,535,238,263,276,276,276],"floor_reached":50,"playtime":2587,"items_purged":["Strike_B","Hello World","Zap"],"score":955,"play_id":"e120ddd6-622f-4522-b6cc-f6e05b6215ad","local_time":"20231007012720","is_ascension_mode":true,"campfire_choices":[{"data":"Sunder","floor":6,"key":"SMITH"},{"data":"Beam Cell","floor":12,"key":"SMITH"},{"data":"Streamline","floor":15,"key":"SMITH"},{"data":"Defragment","floor":29,"key":"SMITH"},{"data":"Hologram","floor":32,"key":"SMITH"},{"data":"Fission","floor":40,"key":"SMITH"},{"floor":49,"key":"RECALL"}],"neow_cost":"NONE","seed_source_timestamp":1720190135351700,"circlet_count":0,"master_deck":["AscendersBane","Dualcast+1","Beam Cell+1","Undo","Gash","Sunder+1","Hologram+1","Self Repair","Streamline+1","Defragment+1","Cold Snap","Core Surge+1","Cold Snap+1","Rebound+1","Coolheaded","Skim","Undo","Doom and Gloom+1","Hyperbeam+1","Meteor Strike+1","Fission+1","Steam","Skim+1","Auto Shields+1","Rebound+1","Reinforced Body"],"relics":["Philosopher\u0027s Stone","Potion Belt","Meat on the Bone","Molten Egg 2","Akabeko","Velvet Choker","Bag of Marbles","HornCleat","MawBank","Nunchaku","Matryoshka","Pandora\u0027s Box","Membership Card","Unceasing Top","Strawberry","Mercury Hourglass","Pantograph","Smiling Mask","OrangePellets","Incense Burner","Ginger"],"potions_floor_usage":[7,14,33,47,50],"damage_taken":[{"damage":8,"enemies":"Cultist","floor":1,"turns":4},{"damage":2,"enemies":"2 Louse","floor":2,"turns":2},{"damage":0,"enemies":"Jaw Worm","floor":3,"turns":3},{"damage":0,"enemies":"Exordium Wildlife","floor":5,"turns":3},{"damage":17,"enemies":"Gremlin Nob","floor":7,"turns":3},{"damage":0,"enemies":"Large Slime","floor":8,"turns":3},{"damage":0,"enemies":"3 Louse","floor":10,"turns":2},{"damage":13,"enemies":"Lagavulin","floor":14,"turns":5},{"damage":21,"enemies":"Slime Boss","floor":16,"turns":6},{"damage":42,"enemies":"3 Byrds","floor":18,"turns":5},{"damage":2,"enemies":"2 Thieves","floor":19,"turns":3},{"damage":11,"enemies":"Gremlin Leader","floor":23,"turns":5},{"damage":31,"enemies":"Book of Stabbing","floor":25,"turns":4},{"damage":0,"enemies":"3 Cultists","floor":28,"turns":4},{"damage":13,"enemies":"Gremlin Leader","floor":30,"turns":6},{"damage":7,"enemies":"Centurion and Healer","floor":31,"turns":4},{"damage":17,"enemies":"Champ","floor":33,"turns":12},{"damage":13,"enemies":"3 Darklings","floor":35,"turns":4},{"damage":0,"enemies":"Orb Walker","floor":37,"turns":1},{"damage":9,"enemies":"Mind Bloom Boss Battle","floor":39,"turns":6},{"damage":0,"enemies":"Transient","floor":41,"turns":5},{"damage":28,"enemies":"Reptomancer","floor":42,"turns":5},{"damage":28,"enemies":"Nemesis","floor":44,"turns":7},{"damage":0,"enemies":"4 Shapes","floor":45,"turns":1},{"damage":30,"enemies":"Giant Head","floor":47,"turns":8},{"damage":0,"enemies":"Jaw Worm Horde","floor":48,"turns":5},{"damage":93,"enemies":"Awakened One","floor":50,"turns":12}],"seed_played":"1625191078667782357","potions_obtained":[{"floor":2,"key":"Weak Potion"},{"floor":3,"key":"Fire Potion"},{"floor":10,"key":"FearPotion"},{"floor":18,"key":"Energy Potion"},{"floor":28,"key":"Explosive Potion"},{"floor":30,"key":"Energy Potion"},{"floor":37,"key":"CultistPotion"},{"floor":39,"key":"BlessingOfTheForge"},{"floor":47,"key":"AttackPotion"}],"is_trial":false,"path_per_floor":["M","M","M","$","M","R","E","M","T","M","?","R","?","E","R","B",null,"M","M","$","?","T","E","?","E","T","?","M","R","E","M","R","B",null,"M","$","M","?","?","R","M","E","T","E","M","$","E","M","R","B"],"character_chosen":"DEFECT","items_purchased":["Sunder","Hologram","Bag of Marbles","Coolheaded","Membership Card","OrangePellets","Incense Burner","Swift Potion"],"campfire_rested":0,"item_purchase_floors":[4,4,20,20,36,46,46,46],"current_hp_per_floor":[60,58,58,58,58,58,48,55,55,55,40,40,33,39,39,37,66,43,48,48,48,48,56,42,30,30,30,49,49,55,48,48,43,71,65,65,65,65,63,63,70,56,56,47,47,47,36,55,55,0],"gold":276,"neow_bonus":"BOSS_RELIC","is_prod":false,"is_daily":false,"chose_seed":false,"campfire_upgraded":6,"win_rate":0,"timestamp":1696667240,"path_taken":["M","M","?","$","M","R","E","M","T","M","?","R","?","E","R","BOSS","M","M","$","?","?","E","?","E","T","?","M","R","E","?","R","BOSS","M","$","M","?","?","R","M","E","T","E","M","$","E","M","R","BOSS"],"build_version":"2022-12-18","purchased_purges":3,"victory":false,"max_hp_per_floor":[75,75,75,75,75,75,75,75,75,75,75,75,75,75,75,75,75,75,75,75,75,75,75,80,80,80,80,80,80,80,80,80,80,80,80,80,80,76,76,76,76,83,83,83,83,83,83,83,83,83],"card_choices":[{"not_picked":["Gash","Compile Driver"],"picked":"Beam Cell","floor":1},{"not_picked":["Darkness","Chill"],"picked":"Undo","floor":2},{"not_picked":["Stack","Undo"],"picked":"Gash","floor":3},{"not_picked":["Cold Snap","Leap"],"picked":"Self Repair","floor":5},{"not_picked":["Leap","Compile Driver"],"picked":"Streamline","floor":7},{"not_picked":["Sweeping Beam","Steam"],"picked":"Defragment","floor":8},{"not_picked":["Fission","Heatsinks"],"picked":"Cold Snap","floor":10},{"not_picked":["Turbo","Force Field","Consume"],"picked":"SKIP","floor":14},{"not_picked":["Reboot","Rainbow"],"picked":"Core Surge+1","floor":16},{"not_picked":["Hello World+1","Rip and Tear+1"],"picked":"Cold Snap+1","floor":18},{"not_picked":["Heatsinks","BootSequence"],"picked":"Rebound+1","floor":19},{"not_picked":["Conserve Battery+1","Rip and Tear+1","Cold Snap+1"],"picked":"SKIP","floor":23},{"not_picked":["Machine Learning","Capacitor+1"],"picked":"Skim","floor":25},{"not_picked":["Go for the Eyes+1","Redo","Stack"],"picked":"SKIP","floor":28},{"not_picked":["Rebound+1","Turbo+1","Conserve Battery"],"picked":"SKIP","floor":30},{"not_picked":["Blizzard+1","Self Repair","Aggregate"],"picked":"SKIP","floor":31},{"not_picked":["Tempest+1","Scrape+1","Rebound+1"],"picked":"SKIP","floor":35},{"not_picked":["Go for the Eyes+1","Leap+1"],"picked":"Skim+1","floor":37},{"not_picked":["Conserve Battery","Lockon+1","Undo"],"picked":"SKIP","floor":41},{"not_picked":["Reprogram+1","Self Repair+1","Hyperbeam+1"],"picked":"SKIP","floor":42},{"not_picked":["Chill","Turbo+1"],"picked":"Auto Shields+1","floor":44},{"not_picked":["Coolheaded","Ball Lightning+1"],"picked":"Rebound+1","floor":45},{"not_picked":["Go for the Eyes+1","Sweeping Beam+1"],"picked":"Reinforced Body","floor":47},{"not_picked":["Cold Snap+1","All For One+1","Scrape+1"],"picked":"SKIP","floor":48}],"player_experience":820307,"relics_obtained":[{"floor":7,"key":"Potion Belt"},{"floor":9,"key":"Meat on the Bone"},{"floor":14,"key":"Akabeko"},{"floor":22,"key":"HornCleat"},{"floor":23,"key":"MawBank"},{"floor":25,"key":"Nunchaku"},{"floor":30,"key":"Matryoshka"},{"floor":39,"key":"Unceasing Top"},{"floor":42,"key":"Strawberry"},{"floor":43,"key":"Mercury Hourglass"},{"floor":43,"key":"Pantograph"},{"floor":44,"key":"Smiling Mask"},{"floor":47,"key":"Ginger"}],"event_choices":[{"damage_healed":0,"gold_gain":0,"player_choice":"Entered Light","damage_taken":15,"max_hp_gain":0,"max_hp_loss":0,"event_name":"Shining Light","floor":11,"gold_loss":0,"cards_upgraded":["Dualcast","Defend_B"]},{"damage_healed":0,"gold_gain":0,"player_choice":"Success","damage_taken":7,"relics_obtained":["Molten Egg 2"],"max_hp_gain":0,"max_hp_loss":0,"event_name":"Scrap Ooze","floor":13,"gold_loss":0},{"damage_healed":0,"gold_gain":0,"player_choice":"Shed Blood","damage_taken":19,"max_hp_gain":5,"max_hp_loss":0,"event_name":"Forgotten Altar","floor":24,"gold_loss":0},{"damage_healed":0,"gold_gain":0,"player_choice":"Ignored","damage_taken":0,"max_hp_gain":0,"max_hp_loss":0,"event_name":"The Mausoleum","floor":27,"gold_loss":0},{"damage_healed":0,"gold_gain":0,"player_choice":"Max HP","damage_taken":0,"max_hp_gain":0,"max_hp_loss":4,"event_name":"Winding Halls","floor":38,"gold_loss":0},{"damage_healed":0,"gold_gain":0,"player_choice":"Fight","damage_taken":0,"max_hp_gain":0,"max_hp_loss":0,"event_name":"MindBloom","floor":39,"gold_loss":0}],"is_beta":false,"boss_relics":[{"not_picked":["Busted Crown","Fusion Hammer"],"picked":"Velvet Choker"},{"not_picked":["Coffee Dripper","Black Star"],"picked":"Pandora\u0027s Box"}],"items_purged_floors":[20,36,46],"is_endless":false,"potions_floor_spawned":[2,3,5,10,18,28,30,37,39,47],"killed_by":"Awakened One","ascension_level":11}