{"gold_per_floor":[139,139,64,76,114,114,165,165,165,165,217,217,217,276,276,381,381,423,423,460,569,29,61,61,61,137,179,249,281,281,299,299,425,425,463,507,575,575,115,149,149,27,27,78,37,104,104,156,156,181,181,181,35,63,63],"floor_reached":56,"playtime":3630,"items_purged":["Regret","Strike_B","Defend_B"],"score":2227,"play_id":"70ad32d1-dcdb-4d99-a869-3ee1ebe10f82","local_time":"20231015170359","is_ascension_mode":true,"campfire_choices":[{"data":"Beam Cell","floor":6.0,"key":"SMITH"},{"floor":8,"key":"REST"},{"data":"HandOfGreed","floor":10,"key":"SMITH"},{"data":"Sunder","floor":12,"key":"SMITH"},{"data":"Zap","floor":15,"key":"SMITH"},{"data":"Capacitor","floor":25,"key":"SMITH"},{"data":"Reinforced Body","floor":30,"key":"SMITH"},{"data":"White Noise","floor":32,"key":"SMITH"},{"data":"Fission","floor":41,"key":"SMITH"},{"data":"Seek","floor":47,"key":"SMITH"},{"floor":49,"key":"RECALL"},{"data":"Coolheaded","floor":52,"key":"SMITH"}],"neow_cost":"CURSE","seed_source_timestamp":287743666206700,"circlet_count":0,"master_deck":["AscendersBane","Defend_B","Defend_B+1","Zap+1","Dualcast","HandOfGreed+1","Beam Cell+1","Sunder+1","Leap","Rebound","Reinforced Body","Core Surge+1","Go for the Eyes+1","Ghostly","Ghostly","Ghostly","Ghostly","Ghostly","Capacitor+1","Cold Snap+1","Skim+1","Aggregate","Reinforced Body+1","Hologram","Consume+1","Hologram","White Noise+1","Fission+1","Compile Driver+1","Machine Learning+1","Core Surge+1","Turbo+1","Coolheaded+1","Seek+1","Secret Technique","White Noise","Gash+1","Gash+1"],"special_seed":0,"relics":["FrozenCore","Cables","Molten Egg 2","DataDisk","Letter Opener","Red Mask","Orrery","Pear","Du-Vu Doll","Mummified Hand","Blood Vial","Astrolabe","Lantern","The Courier","OrangePellets","StoneCalendar","Bag of Preparation","Chemical X","Lizard Tail"],"potions_floor_usage":[16,21,27,33,55,55],"damage_taken":[{"damage":6.0,"enemies":"2 Louse","floor":1.0,"turns":4.0},{"damage":7.0,"enemies":"Jaw Worm","floor":4.0,"turns":2.0},{"damage":10.0,"enemies":"Small Slimes","floor":5.0,"turns":3.0},{"damage":22.0,"enemies":"3 Sentries","floor":7.0,"turns":8.0},{"damage":0,"enemies":"Gremlin Nob","floor":11,"turns":2},{"damage":19,"enemies":"3 Sentries","floor":14,"turns":6},{"damage":27,"enemies":"Hexaghost","floor":16,"turns":6},{"damage":1,"enemies":"3 Byrds","floor":18,"turns":7},{"damage":0,"enemies":"Spheric Guardian","floor":20,"turns":7},{"damage":14,"enemies":"Masked Bandits","floor":21,"turns":12},{"damage":13,"enemies":"Slavers","floor":23,"turns":9},{"damage":6,"enemies":"Snake Plant","floor":27,"turns":6},{"damage":0,"enemies":"Centurion and Healer","floor":28,"turns":10},{"damage":0,"enemies":"Book of Stabbing","floor":29,"turns":6},{"damage":3,"enemies":"Snecko","floor":31,"turns":7},{"damage":0,"enemies":"Collector","floor":33,"turns":12},{"damage":0,"enemies":"3 Darklings","floor":35,"turns":9},{"damage":1,"enemies":"3 Shapes","floor":36,"turns":7},{"damage":0,"enemies":"Sphere and 2 Shapes","floor":37,"turns":12},{"damage":0,"enemies":"Nemesis","floor":40,"turns":9},{"damage":1,"enemies":"Giant Head","floor":44,"turns":11},{"damage":0,"enemies":"Jaw Worm Horde","floor":46,"turns":6},{"damage":0,"enemies":"Reptomancer","floor":48,"turns":10},{"damage":0,"enemies":"Donu and Deca","floor":50,"turns":12},{"damage":0,"enemies":"Shield and Spear","floor":54,"turns":7},{"damage":7,"enemies":"The Heart","floor":55,"turns":14}],"seed_played":"-879226479762362218","potions_obtained":[{"floor":1.0,"key":"Strength Potion"},{"floor":4.0,"key":"Ancient Potion"},{"floor":14,"key":"PowerPotion"},{"floor":16,"key":"GamblersBrew"},{"floor":23,"key":"LiquidMemories"},{"floor":28,"key":"LiquidBronze"},{"floor":31,"key":"Block Potion"},{"floor":37,"key":"Fire Potion"},{"floor":54,"key":"FocusPotion"}],"is_trial":false,"path_per_floor":["M","?","$","M","M","R","E","R","T","R","E","R","?","E","R","B",null,"M","?","M","?","$","E","?","R","T","M","M","E","R","M","R","B",null,"M","M","M","?","$","E","R","$","T","E","$","M","R","E","R","B",null,"R","$","E","B",null],"character_chosen":"DEFECT","items_purchased":["Cold Snap+1","Orrery","Pear","Lantern","Secret Technique","OrangePellets","FocusPotion","Gash+1","Chemical X"],"campfire_rested":1,"item_purchase_floors":[22,22,22,39,39,42,45,53,53],"current_hp_per_floor":[62,47,47,40,30,30,8,30,30,30,30,30,55,36,36,9,59,58,37,37,23,33,20,20,20,20,14,14,14,14,13,13,15,39,41,42,44,44,44,46,46,46,46,46,46,47,47,47,47,47,47,47,47,47,40],"gold":63,"neow_bonus":"RANDOM_COLORLESS_2","is_prod":false,"is_daily":false,"chose_seed":false,"campfire_upgraded":10,"win_rate":0,"timestamp":1697414639,"path_taken":["M","?","$","M","M","R","E","R","T","R","E","R","?","E","R","BOSS","M","?","M","?","$","E","?","R","T","?","M","E","R","M","R","BOSS","M","M","M","?","$","E","R","$","T","E","$","M","R","E","R","BOSS","R","$","E","BOSS"],"build_version":"2022-12-18","purchased_purges":3,"victory":true,"max_hp_per_floor":[75,75,75,75,75,75,75,75,75,75,75,75,75,75,75,75,75,75,37,37,37,47,47,47,47,47,47,47,47,47,47,47,47,47,47,47,47,47,47,47,47,47,47,47,47,47,47,47,47,47,47,47,47,47,47],"card_choices":[{"not_picked":["Master of Strategy","Mayhem"],"picked":"HandOfGreed","floor":0.0},{"not_picked":["BootSequence","Rebound"],"picked":"Beam Cell","floor":1.0},{"not_picked":["Hologram","Cold Snap"],"picked":"Sunder","floor":4.0},{"not_picked":["Skim","Barrage"],"picked":"Leap","floor":5.0},{"not_picked":["Compile Driver","Streamline"],"picked":"Rebound","floor":7},{"not_picked":["Scrape+1","Barrage+1","Streamline+1"],"picked":"SKIP","floor":11},{"not_picked":["BootSequence","Conserve Battery"],"picked":"Reinforced Body","floor":14},{"not_picked":["Multi-Cast","Creative AI"],"picked":"Core Surge+1","floor":16},{"not_picked":["Conserve Battery","Steam"],"picked":"Go for the Eyes+1","floor":18},{"not_picked":["Tempest+1","Heatsinks"],"picked":"Capacitor","floor":20},{"not_picked":["Redo","Ball Lightning+1"],"picked":"Skim+1","floor":22},{"not_picked":["Stack+1","Amplify"],"picked":"Aggregate","floor":22},{"not_picked":["Steam","Turbo"],"picked":"Reinforced Body","floor":22},{"not_picked":["Cold Snap+1","Tempest"],"picked":"Hologram","floor":23},{"not_picked":["Hologram","Steam"],"picked":"Consume+1","floor":27},{"not_picked":["Beam Cell+1","Rip and Tear+1"],"picked":"Hologram","floor":28},{"not_picked":["Go for the Eyes+1","Tempest+1","Meteor Strike+1"],"picked":"SKIP","floor":29},{"not_picked":["Go for the Eyes+1","Conserve Battery"],"picked":"White Noise","floor":31},{"not_picked":["Buffer","Rainbow"],"picked":"Fission","floor":33},{"not_picked":["Go for the Eyes+1","Redo"],"picked":"Turbo+1","floor":35},{"not_picked":["Ball Lightning+1","Hologram"],"picked":"Coolheaded","floor":36},{"not_picked":["Sweeping Beam+1","Go for the Eyes+1"],"picked":"Seek","floor":37},{"not_picked":["Storm","Redo","Conserve Battery"],"picked":"SKIP","floor":40},{"not_picked":["Multi-Cast","Ball Lightning+1"],"picked":"White Noise","floor":44},{"not_picked":["Rebound+1","Tempest+1","Hologram"],"picked":"SKIP","floor":46},{"not_picked":["Beam Cell+1","Thunder Strike+1","Hologram"],"picked":"SKIP","floor":48},{"not_picked":["Loop","Consume+1"],"picked":"Gash+1","floor":54}],"player_experience":854925,"relics_obtained":[{"floor":7,"key":"Cables"},{"floor":9,"key":"Molten Egg 2"},{"floor":11,"key":"DataDisk"},{"floor":14,"key":"Letter Opener"},{"floor":21,"key":"Red Mask"},{"floor":23,"key":"Du-Vu Doll"},{"floor":26,"key":"Mummified Hand"},{"floor":29,"key":"Blood Vial"},{"floor":40,"key":"The Courier"},{"floor":44,"key":"StoneCalendar"},{"floor":48,"key":"Bag of Preparation"},{"floor":54,"key":"Lizard Tail"}],"event_choices":[{"damage_healed":0.0,"max_hp_gain":0.0,"max_hp_loss":0.0,"gold_gain":0.0,"event_name":"Shining Light","player_choice":"Entered Light","floor":2.0,"gold_loss":0.0,"damage_taken":15.0,"cards_upgraded":["Defend_B","Strike_B"]},{"damage_healed":25,"gold_gain":0,"player_choice":"Banana","damage_taken":0,"max_hp_gain":0,"max_hp_loss":0,"event_name":"Big Fish","floor":13,"gold_loss":0},{"damage_healed":0,"gold_gain":0,"player_choice":"Became a Ghost","damage_taken":0,"max_hp_gain":0,"max_hp_loss":38,"event_name":"Ghosts","floor":19,"gold_loss":0,"cards_obtained":["Ghostly","Ghostly","Ghostly","Ghostly","Ghostly"]},{"damage_healed":0,"gold_gain":0,"player_choice":"Fought Bandits","damage_taken":0,"max_hp_gain":0,"max_hp_loss":0,"event_name":"Masked Bandits","floor":21,"gold_loss":0},{"cards_removed":["Strike_B"],"damage_healed":0,"gold_gain":0,"player_choice":"Elegance","damage_taken":0,"max_hp_gain":0,"max_hp_loss":0,"event_name":"Back to Basics","floor":24,"gold_loss":0},{"damage_healed":0,"gold_gain":0,"player_choice":"0 cards matched","damage_taken":0,"max_hp_gain":0,"max_hp_loss":0,"event_name":"Match and Keep!","floor":38,"gold_loss":0,"cards_obtained":[]}],"is_beta":false,"boss_relics":[{"not_picked":["Tiny House","Black Star"],"picked":"FrozenCore"},{"not_picked":["SacredBark","Pandora\u0027s Box"],"picked":"Astrolabe"}],"items_purged_floors":[3,22,39],"is_endless":false,"potions_floor_spawned":[1,4,14,16,23,28,29,31,37,46,48,54],"ascension_level":12}