{"gold_per_floor":[117,131,131,144,156,156,172,201,277,303,303,303,323,337,337,435,435,453,453,503,516,201,226,226,35,35,55,55,68,68,86,86,191,191,211,221,221,267,267,267,267],"floor_reached":41,"playtime":1855,"items_purged":["Strike_B","Strike_B"],"score":742,"play_id":"33c48e9b-2d68-4ac1-bada-c25e61bd47b6","local_time":"20231012202535","is_ascension_mode":true,"campfire_choices":[{"data":"Beam Cell","floor":6,"key":"SMITH"},{"data":"Doom and Gloom","floor":11,"key":"SMITH"},{"data":"Rip and Tear","floor":15,"key":"SMITH"},{"data":"Buffer","floor":24,"key":"SMITH"},{"data":"Recycle","floor":28,"key":"SMITH"},{"data":"Dualcast","floor":32,"key":"SMITH"},{"floor":40,"key":"RECALL"}],"neow_cost":"PERCENT_DAMAGE","seed_source_timestamp":42464786034500,"circlet_count":0,"master_deck":["AscendersBane","Defend_B","Defend_B","Defend_B","Zap","Dualcast+1","Rip and Tear+1","Rebound","Beam Cell+1","Auto Shields","Genetic Algorithm","Doom and Gloom+1","FTL","Buffer+1","Self Repair+1","Ghostly","Ghostly","Ghostly","Ghostly","Ghostly","BootSequence","Gash","PanicButton","Recycle+1","Capacitor+1","Creative AI","Redo+1","Heatsinks"],"relics":["Cracked Core","Bag of Marbles","HornCleat","StoneCalendar","Runic Pyramid","Symbiotic Virus","Juzu Bracelet","Enchiridion","Fusion Hammer","Incense Burner"],"potions_floor_usage":[10,21,33,41],"damage_taken":[{"damage":0,"enemies":"Small Slimes","floor":1,"turns":2},{"damage":6,"enemies":"Cultist","floor":2,"turns":3},{"damage":6,"enemies":"2 Louse","floor":4,"turns":2},{"damage":7,"enemies":"Large Slime","floor":5,"turns":4},{"damage":15,"enemies":"Lots of Slimes","floor":7,"turns":3},{"damage":0,"enemies":"Gremlin Nob","floor":8,"turns":2},{"damage":10,"enemies":"Lagavulin","floor":10,"turns":5},{"damage":8,"enemies":"3 Louse","floor":13,"turns":2},{"damage":1,"enemies":"2 Fungi Beasts","floor":14,"turns":2},{"damage":26,"enemies":"The Guardian","floor":16,"turns":8},{"damage":7,"enemies":"Chosen","floor":18,"turns":3},{"damage":9,"enemies":"3 Byrds","floor":21,"turns":7},{"damage":20,"enemies":"Slavers","floor":23,"turns":6},{"damage":0,"enemies":"Centurion and Healer","floor":27,"turns":7},{"damage":0,"enemies":"Snake Plant","floor":29,"turns":5},{"damage":1,"enemies":"3 Cultists","floor":31,"turns":7},{"damage":2,"enemies":"Collector","floor":33,"turns":8},{"damage":3,"enemies":"3 Darklings","floor":35,"turns":7},{"damage":0,"enemies":"Orb Walker","floor":36,"turns":6},{"damage":9,"enemies":"2 Orb Walkers","floor":38,"turns":7},{"damage":50,"enemies":"Giant Head","floor":41,"turns":9}],"seed_played":"3986227262392728687","potions_obtained":[{"floor":5,"key":"ColorlessPotion"},{"floor":8,"key":"ColorlessPotion"},{"floor":10,"key":"FocusPotion"},{"floor":21,"key":"Fire Potion"},{"floor":31,"key":"LiquidMemories"},{"floor":36,"key":"Ancient Potion"}],"is_trial":false,"path_per_floor":["M","M","?","M","M","R","M","E","T","E","R","?","M","M","R","B",null,"M","?","?","M","$","E","R","$","T","M","R","M","?","M","R","B",null,"M","M","?","?","?","R","E"],"character_chosen":"DEFECT","items_purchased":["Symbiotic Virus","PanicButton"],"campfire_rested":0,"item_purchase_floors":[22,25],"current_hp_per_floor":[50,44,75,69,62,62,47,47,47,37,37,37,29,28,28,2,57,50,37,37,37,37,27,27,27,27,37,37,37,21,30,30,37,37,37,37,35,35,35,35,0],"gold":267,"neow_bonus":"TRANSFORM_TWO_CARDS","is_prod":false,"is_daily":false,"chose_seed":false,"campfire_upgraded":6,"win_rate":0,"timestamp":1697167535,"path_taken":["M","M","?","?","M","R","M","E","T","E","R","?","M","M","R","BOSS","M","?","?","?","$","E","R","$","T","M","R","M","?","M","R","BOSS","M","M","?","?","?","R","E"],"build_version":"2022-12-18","purchased_purges":2,"victory":false,"max_hp_per_floor":[75,75,75,75,75,75,75,75,75,75,75,75,75,75,75,75,75,75,37,37,37,37,37,37,37,37,37,37,37,37,37,37,37,37,37,37,35,35,35,35,35],"card_choices":[{"not_picked":["Sweeping Beam","Go for the Eyes"],"picked":"Rebound","floor":1},{"not_picked":["Conserve Battery","Recycle"],"picked":"Beam Cell","floor":2},{"not_picked":["Beam Cell","Turbo","Scrape"],"picked":"SKIP","floor":4},{"not_picked":["Turbo","Sweeping Beam","Streamline"],"picked":"SKIP","floor":5},{"not_picked":["Thunder Strike","Redo"],"picked":"Auto Shields","floor":7},{"not_picked":["Double Energy","Gash"],"picked":"Genetic Algorithm","floor":8},{"not_picked":["Steam Power","Skim"],"picked":"Doom and Gloom","floor":10},{"not_picked":["Go for the Eyes","Compile Driver","Redo"],"picked":"SKIP","floor":13},{"not_picked":["Scrape","Blizzard"],"picked":"FTL","floor":14},{"not_picked":["Multi-Cast","Core Surge"],"picked":"Buffer","floor":16},{"not_picked":["Doom and Gloom","Double Energy+1"],"picked":"Self Repair+1","floor":18},{"not_picked":["Redo","Streamline"],"picked":"BootSequence","floor":21},{"not_picked":["Barrage","Cold Snap"],"picked":"Gash","floor":23},{"not_picked":["FTL","Cold Snap+1"],"picked":"Recycle","floor":27},{"not_picked":["Steam","Self Repair"],"picked":"Capacitor+1","floor":29},{"not_picked":["Genetic Algorithm","Stack","Steam"],"picked":"SKIP","floor":31},{"not_picked":["Electrodynamics","Rainbow"],"picked":"Creative AI","floor":33},{"not_picked":["Doom and Gloom","Go for the Eyes"],"picked":"Redo+1","floor":35},{"not_picked":["Tempest","Redo","Rebound"],"picked":"SKIP","floor":36},{"not_picked":["Cold Snap","Aggregate"],"picked":"Heatsinks","floor":38}],"player_experience":853070,"relics_obtained":[{"floor":8,"key":"Bag of Marbles"},{"floor":9,"key":"HornCleat"},{"floor":10,"key":"StoneCalendar"},{"floor":23,"key":"Juzu Bracelet"},{"floor":30,"key":"Enchiridion"},{"floor":38,"key":"Incense Burner"}],"event_choices":[{"cards_removed":["Capacitor"],"damage_healed":31,"gold_gain":0,"player_choice":"Offered Uncommon","damage_taken":0,"max_hp_gain":0,"max_hp_loss":0,"event_name":"Bonfire Elementals","floor":3,"gold_loss":0},{"damage_healed":0,"gold_gain":0,"player_choice":"Ignored","damage_taken":0,"max_hp_gain":0,"max_hp_loss":0,"event_name":"Liars Game","floor":12,"gold_loss":0},{"damage_healed":0,"gold_gain":0,"player_choice":"Became a Ghost","damage_taken":0,"max_hp_gain":0,"max_hp_loss":38,"event_name":"Ghosts","floor":19,"gold_loss":0,"cards_obtained":["Ghostly","Ghostly","Ghostly","Ghostly","Ghostly"]},{"damage_healed":0,"gold_gain":100,"player_choice":"Bet on Murderer","damage_taken":0,"max_hp_gain":0,"max_hp_loss":0,"event_name":"The Joust","floor":20,"gold_loss":50},{"damage_healed":0,"gold_gain":0,"player_choice":"Obtained Book","damage_taken":16,"max_hp_gain":0,"max_hp_loss":0,"event_name":"Cursed Tome","floor":30,"gold_loss":0},{"damage_healed":0,"gold_gain":0,"player_choice":"Max HP","damage_taken":0,"max_hp_gain":0,"max_hp_loss":2,"event_name":"Winding Halls","floor":37,"gold_loss":0},{"damage_healed":0,"gold_gain":0,"player_choice":"Fight","damage_taken":0,"max_hp_gain":0,"max_hp_loss":0,"event_name":"Mysterious Sphere","floor":38,"gold_loss":0},{"cards_removed":["Strike_B"],"damage_healed":0,"gold_gain":0,"player_choice":"Purged","damage_taken":0,"max_hp_gain":0,"max_hp_loss":0,"event_name":"Purifier","floor":39,"gold_loss":0}],"is_beta":false,"boss_relics":[{"not_picked":["Busted Crown","Runic Dome"],"picked":"Runic Pyramid"},{"not_picked":["Inserter","Nuclear Battery"],"picked":"Fusion Hammer"}],"items_purged_floors":[22,25],"is_endless":false,"potions_floor_spawned":[5,8,10,13,21,23,29,31,36,38],"killed_by":"Giant Head","ascension_level":12}