{"gold_per_floor":[112,125,142,317,96,96,130,130,210,242,242,242,575,575,575,678,678,705,705,498,521,542,542,583,241,268,311,333,386,386,301,301,403,403,427,450,450,518,291,291,291,291,291,343,343,390,390,434,434,434,434,434,2,38,38],"floor_reached":56,"playtime":2859,"items_purged":["Doubt","Strike_B","Strike_B","Strike_B+1"],"score":2335,"play_id":"c85dfa0a-b3ed-4d24-ad2e-7f007f3e91ef","local_time":"20231028112534","is_ascension_mode":true,"campfire_choices":[{"data":"Lockon","floor":6,"key":"SMITH"},{"data":"Consume","floor":8,"key":"SMITH"},{"floor":11,"key":"REST"},{"data":"Coolheaded","floor":15,"key":"SMITH"},{"data":"Reboot","floor":23,"key":"SMITH"},{"data":"Defragment","floor":30,"key":"SMITH"},{"floor":32,"key":"RECALL"},{"floor":40,"key":"DIG"},{"floor":42,"key":"DIG"},{"floor":45,"key":"DIG"},{"floor":47,"key":"DIG"},{"floor":49,"key":"DIG"},{"floor":52,"key":"DIG"}],"neow_cost":"NONE","seed_source_timestamp":1391511065028900,"circlet_count":0,"master_deck":["AscendersBane","Defend_B","Defend_B","Defend_B","Zap","Dualcast","Compile Driver","Lockon+1","Coolheaded+1","Consume+1","Cold Snap+1","Go for the Eyes+1","Biased Cognition+1","Cold Snap+1","Self Repair+1","Ball Lightning+1","Hyperbeam+1","Reboot+1","Capacitor","Aggregate+1","Defragment+1","Core Surge+1","Seek","Compile Driver+1","Capacitor"],"relics":["FrozenCore","Art of War","Whetstone","Molten Egg 2","MealTicket","Golden Idol","Old Coin","CeramicFish","Orrery","Blood Vial","Happy Flower","Pen Nib","Shovel","WingedGreaves","Fusion Hammer","Lizard Tail","Lantern","Nunchaku","Ornamental Fan","Potion Belt","Orichalcum","FossilizedHelix","Mercury Hourglass","DataDisk","Bag of Preparation","Pantograph","Emotion Chip","Eternal Feather"],"potions_floor_usage":[10,13,27,33,33,38,55,55,55],"damage_taken":[{"damage":0,"enemies":"2 Louse","floor":1,"turns":1},{"damage":2,"enemies":"Small Slimes","floor":2,"turns":4},{"damage":0,"enemies":"Cultist","floor":3,"turns":3},{"damage":17,"enemies":"Lagavulin","floor":7,"turns":6},{"damage":24,"enemies":"3 Sentries","floor":10,"turns":7},{"damage":16,"enemies":"Gremlin Nob","floor":13,"turns":3},{"damage":0,"enemies":"Slime Boss","floor":16,"turns":11},{"damage":22,"enemies":"2 Thieves","floor":18,"turns":5},{"damage":1,"enemies":"Spheric Guardian","floor":21,"turns":4},{"damage":21,"enemies":"Snecko","floor":22,"turns":7},{"damage":13,"enemies":"Book of Stabbing","floor":24,"turns":7},{"damage":43,"enemies":"Slavers","floor":27,"turns":3},{"damage":4,"enemies":"Snake Plant","floor":28,"turns":5},{"damage":22,"enemies":"Book of Stabbing","floor":29,"turns":5},{"damage":0,"enemies":"Automaton","floor":33,"turns":9},{"damage":1,"enemies":"3 Darklings","floor":35,"turns":7},{"damage":12,"enemies":"3 Shapes","floor":36,"turns":5},{"damage":15,"enemies":"2 Orb Walkers","floor":38,"turns":5},{"damage":20,"enemies":"Giant Head","floor":44,"turns":10},{"damage":21,"enemies":"Reptomancer","floor":46,"turns":5},{"damage":7,"enemies":"Nemesis","floor":48,"turns":9},{"damage":0,"enemies":"Awakened One","floor":50,"turns":13},{"damage":0,"enemies":"Shield and Spear","floor":54,"turns":7},{"damage":22,"enemies":"The Heart","floor":55,"turns":8}],"seed_played":"-6406467657815265255","potions_obtained":[{"floor":10,"key":"Swift Potion"},{"floor":16,"key":"Strength Potion"},{"floor":18,"key":"Ancient Potion"},{"floor":28,"key":"DuplicationPotion"},{"floor":36,"key":"ColorlessPotion"},{"floor":38,"key":"FocusPotion"},{"floor":46,"key":"SkillPotion"},{"floor":54,"key":"Energy Potion"}],"is_trial":false,"path_per_floor":["M","M","M","?","$","R","E","R","T","E","R","?","E","?","R","B",null,"M","?","$","M","M","R","E","$","T","E","M","E","R","?","R","B",null,"M","M","?","?","$","R","?","R","T","E","R","E","R","E","R","B",null,"R","$","E","B",null],"character_chosen":"DEFECT","items_purchased":["Fire Potion","Lockon","Coolheaded","Orrery","Happy Flower","DuplicationPotion","Ancient Potion","Capacitor","Emotion Chip","FocusPotion"],"campfire_rested":1,"item_purchase_floors":[5,5,5,20,25,25,39,53,53,53],"current_hp_per_floor":[68,66,66,66,66,66,49,49,49,25,47,47,31,24,24,24,58,36,36,51,60,49,49,46,61,61,20,28,18,18,18,18,30,59,69,67,67,54,69,69,69,69,69,59,59,40,40,45,45,57,66,66,69,69,57],"gold":38,"neow_bonus":"RANDOM_COMMON_RELIC","is_prod":false,"is_daily":false,"chose_seed":false,"campfire_upgraded":5,"win_rate":0,"timestamp":1698517534,"path_taken":["M","M","M","?","$","R","E","R","T","E","R","?","E","?","R","BOSS","M","?","$","M","?","R","E","$","T","E","M","E","R","?","R","BOSS","M","M","?","?","$","R","?","R","T","E","R","E","R","E","R","BOSS","R","$","E","BOSS"],"build_version":"2022-12-18","purchased_purges":4,"victory":true,"max_hp_per_floor":[75,75,75,75,75,75,75,75,75,75,75,69,69,69,69,69,69,69,69,69,69,69,69,69,69,69,69,69,69,69,69,69,69,69,69,69,69,69,69,69,69,69,69,69,69,69,69,69,69,69,69,69,69,69,69],"card_choices":[{"not_picked":["Stack","Steam","Sweeping Beam"],"picked":"SKIP","floor":1},{"not_picked":["Static Discharge","Redo","Stack"],"picked":"SKIP","floor":2},{"not_picked":["Beam Cell","Barrage"],"picked":"Compile Driver","floor":3},{"not_picked":["Conserve Battery","Meteor Strike"],"picked":"Consume","floor":7},{"not_picked":["Rebound+1","Lockon+1"],"picked":"Cold Snap+1","floor":10},{"not_picked":["Redo","Gash+1"],"picked":"Go for the Eyes+1","floor":13},{"not_picked":["Amplify","Machine Learning"],"picked":"Biased Cognition","floor":16},{"not_picked":["Undo","Compile Driver+1"],"picked":"Cold Snap+1","floor":18},{"not_picked":["Conserve Battery","Turbo"],"picked":"Self Repair+1","floor":20},{"not_picked":["Chill","Leap"],"picked":"Ball Lightning+1","floor":20},{"not_picked":["Streamline+1","Steam"],"picked":"Hyperbeam+1","floor":20},{"not_picked":["Melter+1","Beam Cell+1"],"picked":"Reboot","floor":20},{"not_picked":["Sweeping Beam+1","Compile Driver+1"],"picked":"Capacitor","floor":21},{"not_picked":["FTL+1","Reinforced Body","Sweeping Beam+1"],"picked":"SKIP","floor":22},{"not_picked":["FTL+1","Reinforced Body","Sweeping Beam+1"],"picked":"SKIP","floor":22},{"not_picked":["Barrage+1","Steam Power","Doom and Gloom+1"],"picked":"SKIP","floor":24},{"not_picked":["Conserve Battery","Reprogram","Doom and Gloom+1"],"picked":"SKIP","floor":27},{"not_picked":["Hologram","Rebound+1"],"picked":"Aggregate+1","floor":28},{"not_picked":["Rebound+1","Storm+1"],"picked":"Defragment","floor":29},{"not_picked":["Creative AI","Hyperbeam+1"],"picked":"Core Surge+1","floor":33},{"not_picked":["Self Repair","Leap","Cold Snap+1"],"picked":"SKIP","floor":35},{"not_picked":["Lockon+1","Tempest","Streamline+1"],"picked":"SKIP","floor":36},{"not_picked":["Lockon+1","Tempest","Streamline+1"],"picked":"SKIP","floor":36},{"not_picked":["Hello World","Heatsinks"],"picked":"Seek","floor":44},{"not_picked":["Chaos","Ball Lightning+1"],"picked":"Compile Driver+1","floor":46},{"not_picked":["Beam Cell+1","Rainbow","Redo"],"picked":"SKIP","floor":48},{"not_picked":["Go for the Eyes+1","Barrage+1","Static Discharge+1"],"picked":"SKIP","floor":54},{"not_picked":["Go for the Eyes+1","Barrage+1","Static Discharge+1"],"picked":"SKIP","floor":54}],"player_experience":874660,"relics_obtained":[{"floor":7,"key":"Whetstone"},{"floor":9,"key":"Molten Egg 2"},{"floor":10,"key":"MealTicket"},{"floor":13,"key":"Old Coin"},{"floor":24,"key":"Blood Vial"},{"floor":27,"key":"Pen Nib"},{"floor":29,"key":"Shovel"},{"floor":38,"key":"Lizard Tail"},{"floor":40,"key":"Lantern"},{"floor":42,"key":"Nunchaku"},{"floor":43,"key":"Ornamental Fan"},{"floor":44,"key":"Potion Belt"},{"floor":45,"key":"Orichalcum"},{"floor":46,"key":"FossilizedHelix"},{"floor":47,"key":"Mercury Hourglass"},{"floor":48,"key":"DataDisk"},{"floor":49,"key":"Bag of Preparation"},{"floor":52,"key":"Pantograph"},{"floor":54,"key":"Eternal Feather"}],"event_choices":[{"damage_healed":0,"gold_gain":175,"player_choice":"AGREE","damage_taken":0,"max_hp_gain":0,"max_hp_loss":0,"event_name":"Liars Game","floor":4,"gold_loss":0,"cards_obtained":["Doubt"]},{"damage_healed":0,"gold_gain":0,"player_choice":"Lose Max HP","damage_taken":0,"relics_obtained":["Golden Idol"],"max_hp_gain":0,"max_hp_loss":6,"event_name":"Golden Idol","floor":12,"gold_loss":0},{"damage_healed":0,"gold_gain":0,"player_choice":"Success","damage_taken":7,"relics_obtained":["CeramicFish"],"max_hp_gain":0,"max_hp_loss":0,"event_name":"Scrap Ooze","floor":14,"gold_loss":0},{"damage_healed":0,"gold_gain":0,"player_choice":"Forge","damage_taken":0,"max_hp_gain":0,"max_hp_loss":0,"event_name":"Accursed Blacksmith","floor":19,"gold_loss":0,"cards_upgraded":["Biased Cognition"]},{"damage_healed":0,"gold_gain":0,"player_choice":"Obtained Relic","damage_taken":0,"relics_obtained":["WingedGreaves"],"max_hp_gain":0,"max_hp_loss":0,"event_name":"Addict","floor":31,"gold_loss":85},{"cards_removed":["Defend_B"],"damage_healed":0,"gold_gain":0,"player_choice":"Removed Skill","damage_taken":0,"max_hp_gain":0,"max_hp_loss":0,"event_name":"Falling","floor":37,"gold_loss":0},{"damage_healed":0,"gold_gain":0,"player_choice":"Fight","damage_taken":0,"max_hp_gain":0,"max_hp_loss":0,"event_name":"Mysterious Sphere","floor":38,"gold_loss":0},{"cards_removed":["Strike_B"],"damage_healed":0,"gold_gain":0,"player_choice":"Purged","damage_taken":0,"max_hp_gain":0,"max_hp_loss":0,"event_name":"Purifier","floor":41,"gold_loss":0}],"is_beta":false,"boss_relics":[{"not_picked":["SlaversCollar","Sozu"],"picked":"FrozenCore"},{"not_picked":["Empty Cage","SacredBark"],"picked":"Fusion Hammer"}],"items_purged_floors":[5,20,25,39],"is_endless":false,"potions_floor_spawned":[10,16,18,28,36,38,46,54],"ascension_level":13}