{"gold_per_floor":[367,385,404,36,56,90,90,105,128,128,128,148,175,192,192,266,266,253,253,270,283,283],"floor_reached":22,"playtime":897,"items_purged":["Strike_B"],"score":340,"play_id":"0ae1b048-94f8-4650-acf6-78afb8d6970c","local_time":"20231111132328","is_ascension_mode":true,"campfire_choices":[{"data":"Streamline","floor":7,"key":"SMITH"},{"floor":11,"key":"REST"},{"floor":15,"key":"REST"}],"neow_cost":"PERCENT_DAMAGE","seed_source_timestamp":2613792470087500,"circlet_count":0,"master_deck":["AscendersBane","Strike_B","Strike_B","Strike_B","Defend_B","Defend_B","Defend_B","Defend_B","Zap","Dualcast","Skim","Cold Snap","Streamline+1","Panacea","Conserve Battery","Ball Lightning","Consume","Core Surge","Defragment","Compile Driver+1"],"relics":["Cracked Core","Happy Flower","Toy Ornithopter","Art of War","Coffee Dripper"],"potions_floor_usage":[6,16,16,20,21],"damage_taken":[{"damage":4,"enemies":"Jaw Worm","floor":1,"turns":4},{"damage":0,"enemies":"Cultist","floor":2,"turns":3},{"damage":4,"enemies":"2 Louse","floor":3,"turns":3},{"damage":12,"enemies":"Large Slime","floor":5,"turns":6},{"damage":14,"enemies":"3 Sentries","floor":6,"turns":7},{"damage":7,"enemies":"2 Fungi Beasts","floor":8,"turns":3},{"damage":3,"enemies":"Exordium Thugs","floor":12,"turns":4},{"damage":12,"enemies":"Lagavulin","floor":13,"turns":6},{"damage":6,"enemies":"Red Slaver","floor":14,"turns":3},{"damage":6,"enemies":"Slime Boss","floor":16,"turns":6},{"damage":12,"enemies":"2 Thieves","floor":18,"turns":4},{"damage":17,"enemies":"3 Byrds","floor":20,"turns":6},{"damage":24,"enemies":"Sentry and Sphere","floor":21,"turns":5},{"damage":26,"enemies":"Masked Bandits","floor":22,"turns":2}],"seed_played":"-7801730045522680800","potions_obtained":[{"floor":3,"key":"SteroidPotion"},{"floor":8,"key":"Explosive Potion"},{"floor":14,"key":"FearPotion"},{"floor":16,"key":"Regen Potion"},{"floor":18,"key":"Block Potion"}],"is_trial":false,"path_per_floor":["M","M","M","$","M","E","R","M","T","?","R","M","E","M","R","B",null,"M","?","M","M","?"],"character_chosen":"DEFECT","items_purchased":["Happy Flower","Fire Potion","Panacea"],"campfire_rested":2,"item_purchase_floors":[4,4,4],"current_hp_per_floor":[42,42,38,38,26,12,12,5,5,5,26,23,11,5,26,30,61,49,43,31,21,0],"gold":283,"neow_bonus":"TWO_FIFTY_GOLD","is_prod":false,"is_daily":false,"chose_seed":false,"campfire_upgraded":1,"win_rate":0,"timestamp":1699737808,"path_taken":["M","M","M","$","M","E","R","M","T","?","R","M","E","M","R","BOSS","M","?","?","M","?"],"build_version":"2022-12-18","purchased_purges":1,"victory":false,"max_hp_per_floor":[71,71,71,71,71,71,71,71,71,71,71,71,71,71,71,71,71,71,71,71,71,71],"card_choices":[{"not_picked":["Barrage","Scrape"],"picked":"Skim","floor":1},{"not_picked":["Force Field","Beam Cell"],"picked":"Cold Snap","floor":2},{"not_picked":["Static Discharge","Coolheaded"],"picked":"Streamline","floor":3},{"not_picked":["BootSequence","Compile Driver","Turbo"],"picked":"SKIP","floor":5},{"not_picked":["Creative AI","Go for the Eyes"],"picked":"Conserve Battery","floor":6},{"not_picked":["Beam Cell","Redo"],"picked":"Ball Lightning","floor":8},{"not_picked":["Turbo","Leap","Compile Driver"],"picked":"SKIP","floor":12},{"not_picked":["Melter","Double Energy"],"picked":"Consume","floor":13},{"not_picked":["Hello World","Turbo","Stack"],"picked":"SKIP","floor":14},{"not_picked":["Hello World","Turbo","Stack"],"picked":"SKIP","floor":14},{"not_picked":["Multi-Cast","Machine Learning"],"picked":"Core Surge","floor":16},{"not_picked":["Skim","Gash"],"picked":"Defragment","floor":18},{"not_picked":["Stack+1","Redo"],"picked":"Compile Driver+1","floor":20},{"not_picked":["Streamline+1","Blizzard","Stack"],"picked":"SKIP","floor":21}],"player_experience":900035,"relics_obtained":[{"floor":6,"key":"Toy Ornithopter"},{"floor":13,"key":"Art of War"}],"event_choices":[{"damage_healed":0,"gold_gain":0,"player_choice":"Fled","damage_taken":0,"max_hp_gain":0,"max_hp_loss":0,"event_name":"Scrap Ooze","floor":10,"gold_loss":0},{"damage_healed":0,"gold_gain":0,"player_choice":"","damage_taken":6,"max_hp_gain":0,"max_hp_loss":0,"event_name":"Knowing Skull","floor":19,"potions_obtained":[],"gold_loss":0,"cards_obtained":[]},{"damage_healed":0,"gold_gain":0,"player_choice":"Fought Bandits","damage_taken":0,"max_hp_gain":0,"max_hp_loss":0,"event_name":"Masked Bandits","floor":22,"gold_loss":0}],"is_beta":false,"boss_relics":[{"not_picked":["Velvet Choker","FrozenCore"],"picked":"Coffee Dripper"}],"items_purged_floors":[4],"is_endless":false,"potions_floor_spawned":[3,8,14,16,18],"killed_by":"Masked Bandits","ascension_level":14}