{"gold_per_floor":[214,229,239,32,32,66,66,93,174,174,190,190,200,219,219,295,295,307,321,321,119,138,138],"floor_reached":23,"playtime":1359,"items_purged":["Strike_B"],"score":345,"play_id":"7ce8f97d-c172-4c21-a00e-dbd6c0137d1c","local_time":"20231112220746","is_ascension_mode":true,"campfire_choices":[{"data":"Dualcast","floor":7,"key":"SMITH"},{"data":"Cold Snap","floor":10,"key":"SMITH"},{"data":"Consume","floor":12,"key":"SMITH"},{"data":"Capacitor","floor":15,"key":"SMITH"}],"neow_cost":"NONE","seed_source_timestamp":2731203072333600,"circlet_count":0,"master_deck":["AscendersBane","Defend_B+1","Defend_B+1","Defend_B+1","Defend_B+1","Zap","Dualcast+1","Genetic Algorithm","Undo","Coolheaded","Cold Snap+1","Rebound","Consume+1","Capacitor+1","Machine Learning","Redo+1","Steam Power+1","Multi-Cast+1","Fission","Hologram","Aggregate"],"relics":["Cracked Core","Torii","Juzu Bracelet","Eternal Feather","Astrolabe"],"potions_floor_usage":[23,23],"damage_taken":[{"damage":3,"enemies":"2 Louse","floor":1,"turns":3},{"damage":0,"enemies":"Small Slimes","floor":2,"turns":2},{"damage":3,"enemies":"Cultist","floor":3,"turns":3},{"damage":17,"enemies":"3 Sentries","floor":6,"turns":9},{"damage":37,"enemies":"Gremlin Nob","floor":8,"turns":5},{"damage":1,"enemies":"3 Louse","floor":11,"turns":3},{"damage":1,"enemies":"Looter","floor":13,"turns":3},{"damage":0,"enemies":"2 Fungi Beasts","floor":14,"turns":4},{"damage":3,"enemies":"Hexaghost","floor":16,"turns":12},{"damage":6,"enemies":"Spheric Guardian","floor":18,"turns":8},{"damage":8,"enemies":"Shell Parasite","floor":19,"turns":9},{"damage":8,"enemies":"Snake Plant","floor":22,"turns":7},{"damage":38,"enemies":"Slavers","floor":23,"turns":6}],"seed_played":"8852081804018348745","potions_obtained":[{"floor":2,"key":"FocusPotion"},{"floor":6,"key":"DuplicationPotion"}],"is_trial":false,"path_per_floor":["M","M","M","$","?","E","R","E","T","R","M","R","M","M","R","B",null,"M","M","?","$","M","E"],"character_chosen":"DEFECT","items_purchased":["Coolheaded","Cold Snap","Rebound","Fission","Hologram"],"campfire_rested":0,"item_purchase_floors":[4,4,4,21,21],"current_hp_per_floor":[61,61,58,58,58,41,41,4,4,13,12,21,20,20,29,26,60,54,46,46,46,38,0],"gold":138,"neow_bonus":"HUNDRED_GOLD","is_prod":false,"is_daily":false,"chose_seed":false,"campfire_upgraded":4,"win_rate":0,"timestamp":1699855666,"path_taken":["M","M","M","$","?","E","R","E","T","R","M","R","M","M","R","BOSS","M","M","?","$","M","E"],"build_version":"2022-12-18","purchased_purges":1,"victory":false,"max_hp_per_floor":[71,71,71,71,71,71,71,71,71,71,71,71,71,71,71,71,71,71,71,71,71,71,71],"card_choices":[{"not_picked":["Coolheaded","Barrage"],"picked":"Genetic Algorithm","floor":1},{"not_picked":["Redo","Barrage"],"picked":"Gash","floor":2},{"not_picked":["Heatsinks","Conserve Battery"],"picked":"Undo","floor":3},{"not_picked":["Lockon","Steam Power","Blizzard"],"picked":"SKIP","floor":6},{"not_picked":["Meteor Strike","Genetic Algorithm","Go for the Eyes"],"picked":"SKIP","floor":8},{"not_picked":["Beam Cell","Redo"],"picked":"Consume","floor":11},{"not_picked":["Turbo","Steam","Streamline"],"picked":"SKIP","floor":13},{"not_picked":["Chaos","Compile Driver"],"picked":"Capacitor","floor":14},{"not_picked":["All For One","Thunder Strike"],"picked":"Machine Learning","floor":16},{"not_picked":["Auto Shields","Streamline","Gash"],"picked":"SKIP","floor":18},{"not_picked":["Leap","Consume","Beam Cell"],"picked":"SKIP","floor":19},{"not_picked":["Doom and Gloom","Rebound"],"picked":"Aggregate","floor":22}],"player_experience":900932,"relics_obtained":[{"floor":6,"key":"Torii"},{"floor":8,"key":"Juzu Bracelet"},{"floor":9,"key":"Eternal Feather"}],"event_choices":[{"cards_removed":["Strike_B"],"damage_healed":0,"gold_gain":0,"player_choice":"Forget","damage_taken":0,"max_hp_gain":0,"max_hp_loss":0,"event_name":"Living Wall","floor":5,"gold_loss":0},{"damage_healed":0,"gold_gain":0,"player_choice":"Simplicity","damage_taken":0,"max_hp_gain":0,"max_hp_loss":0,"event_name":"Back to Basics","floor":20,"gold_loss":0,"cards_upgraded":["Defend_B","Defend_B","Defend_B","Defend_B"]}],"is_beta":false,"boss_relics":[{"not_picked":["SlaversCollar","FrozenCore"],"picked":"Astrolabe"}],"items_purged_floors":[4],"is_endless":false,"potions_floor_spawned":[2,6,11,18],"killed_by":"Slavers","ascension_level":14}