{"gold_per_floor":[18,37,51,68,21,49,49,63,63,63,97,116,145,159,159,233,233,249,263,263,274,289,289,64,64,64,64,83,97,111,111,111,111],"floor_reached":33,"playtime":1288,"items_purged":["Strike_B"],"score":522,"play_id":"b46fca42-485e-425d-ab74-91090a51b206","local_time":"20231203005041","is_ascension_mode":true,"campfire_choices":[{"data":"Apotheosis","floor":7,"key":"SMITH"},{"floor":15,"key":"REST"},{"floor":23,"key":"REST"},{"data":"Strike_B","floor":25,"key":"PURGE"},{"data":"Writhe","floor":32,"key":"PURGE"}],"neow_cost":"NO_GOLD","seed_source_timestamp":1525725986823400,"circlet_count":0,"master_deck":["AscendersBane","Strike_B","Defend_B","Defend_B","Defend_B","Defend_B","Zap","Dualcast","Apotheosis+1","Lockon","Cold Snap","Fission","Beam Cell","Ball Lightning","Steam","Doom and Gloom","Aggregate","Undo","Steam Power","Core Surge","Coolheaded","Self Repair","Reinforced Body+1"],"relics":["Cracked Core","Peace Pipe","Letter Opener","Dream Catcher","Ginger","Runic Dome","Bag of Preparation","HornCleat","InkBottle"],"potions_floor_usage":[6,11,13,33,33],"damage_taken":[{"damage":0,"enemies":"Cultist","floor":1,"turns":3},{"damage":7,"enemies":"Jaw Worm","floor":2,"turns":3},{"damage":0,"enemies":"2 Louse","floor":3,"turns":2},{"damage":18,"enemies":"Lots of Slimes","floor":4,"turns":5},{"damage":0,"enemies":"Lagavulin","floor":6,"turns":5},{"damage":0,"enemies":"Red Slaver","floor":8,"turns":2},{"damage":8,"enemies":"Gremlin Nob","floor":11,"turns":3},{"damage":8,"enemies":"3 Louse","floor":12,"turns":2},{"damage":5,"enemies":"3 Sentries","floor":13,"turns":4},{"damage":7,"enemies":"Large Slime","floor":14,"turns":5},{"damage":4,"enemies":"Hexaghost","floor":16,"turns":8},{"damage":6,"enemies":"Shell Parasite","floor":18,"turns":2},{"damage":18,"enemies":"2 Thieves","floor":19,"turns":4},{"damage":32,"enemies":"Snake Plant","floor":21,"turns":3},{"damage":0,"enemies":"Snecko","floor":22,"turns":5},{"damage":11,"enemies":"Centurion and Healer","floor":28,"turns":5},{"damage":0,"enemies":"Snake Plant","floor":29,"turns":3},{"damage":21,"enemies":"Snecko","floor":30,"turns":4},{"damage":24,"enemies":"Automaton","floor":33,"turns":6}],"seed_played":"-1836901085020885892","potions_obtained":[{"floor":1,"key":"Dexterity Potion"},{"floor":2,"key":"FearPotion"},{"floor":6,"key":"FocusPotion"},{"floor":11,"key":"AttackPotion"},{"floor":13,"key":"SmokeBomb"},{"floor":14,"key":"Ancient Potion"},{"floor":18,"key":"FairyPotion"},{"floor":21,"key":"Swift Potion"},{"floor":30,"key":"CultistPotion"}],"is_trial":false,"path_per_floor":["M","M","M","M","$","E","R","M","T","?","E","M","E","M","R","B",null,"M","M","?","M","M","R","$","R","T","?","M","M","M","?","R","B"],"character_chosen":"DEFECT","items_purchased":["Beam Cell","Bag of Preparation"],"campfire_rested":2,"item_purchase_floors":[5,24],"current_hp_per_floor":[64,57,57,39,39,39,39,39,39,39,31,23,18,11,32,28,60,54,36,36,4,4,25,25,25,25,5,28,28,17,17,17,0],"gold":111,"neow_bonus":"RANDOM_COLORLESS_2","is_prod":false,"is_daily":false,"chose_seed":false,"campfire_upgraded":1,"win_rate":0,"timestamp":1701593441,"path_taken":["M","?","M","M","$","E","R","M","T","?","E","M","E","M","R","BOSS","M","M","?","?","M","R","?","R","T","?","M","M","M","?","R","BOSS"],"build_version":"2022-12-18","purchased_purges":1,"victory":false,"max_hp_per_floor":[71,71,71,71,71,71,71,71,71,71,71,71,71,71,71,71,71,71,71,71,71,71,71,71,71,71,76,76,76,76,76,76,76],"card_choices":[{"not_picked":["HandOfGreed","Panache"],"picked":"Apotheosis","floor":0},{"not_picked":["Go for the Eyes","Turbo"],"picked":"Lockon","floor":1},{"not_picked":["Compile Driver","Sweeping Beam"],"picked":"Cold Snap","floor":2},{"not_picked":["Stack","Steam"],"picked":"Fission","floor":3},{"not_picked":["Reprogram","Storm","Leap"],"picked":"SKIP","floor":4},{"not_picked":["Coolheaded","Rainbow"],"picked":"Ball Lightning","floor":6},{"not_picked":["Beam Cell","Leap"],"picked":"Steam","floor":8},{"not_picked":["Compile Driver","Streamline"],"picked":"Doom and Gloom","floor":11},{"not_picked":["Barrage","Go for the Eyes"],"picked":"Aggregate","floor":12},{"not_picked":["Barrage","Conserve Battery"],"picked":"Undo","floor":13},{"not_picked":["Rebound","Stack"],"picked":"Steam Power","floor":14},{"not_picked":["Creative AI","Meteor Strike"],"picked":"Core Surge","floor":16},{"not_picked":["Ball Lightning","Beam Cell","Turbo"],"picked":"SKIP","floor":18},{"not_picked":["Steam","Turbo","Chill"],"picked":"SKIP","floor":19},{"not_picked":["Redo","Ball Lightning","White Noise"],"picked":"SKIP","floor":21},{"not_picked":["Hologram","Reinforced Body"],"picked":"Coolheaded","floor":22},{"not_picked":["Stack","Doom and Gloom"],"picked":"Self Repair","floor":23},{"not_picked":["Stack","Hello World","Barrage"],"picked":"SKIP","floor":28},{"not_picked":["Conserve Battery","Steam","Cold Snap"],"picked":"SKIP","floor":29},{"not_picked":["Chaos","Auto Shields"],"picked":"Reinforced Body+1","floor":30}],"player_experience":921422,"relics_obtained":[{"floor":6,"key":"Peace Pipe"},{"floor":9,"key":"Letter Opener"},{"floor":11,"key":"Dream Catcher"},{"floor":13,"key":"Ginger"},{"floor":26,"key":"HornCleat"}],"event_choices":[{"cards_removed":["Strike_B"],"damage_healed":0,"gold_gain":0,"player_choice":"Forget","damage_taken":0,"max_hp_gain":0,"max_hp_loss":0,"event_name":"Living Wall","floor":10,"gold_loss":0},{"damage_healed":0,"gold_gain":0,"player_choice":"0 cards matched","damage_taken":0,"max_hp_gain":0,"max_hp_loss":0,"event_name":"Match and Keep!","floor":20,"gold_loss":0,"cards_obtained":[]},{"damage_healed":0,"gold_gain":0,"player_choice":"Shed Blood","damage_taken":25,"max_hp_gain":5,"max_hp_loss":0,"event_name":"Forgotten Altar","floor":27,"gold_loss":0},{"damage_healed":0,"gold_gain":0,"player_choice":"Opened","damage_taken":0,"relics_obtained":["InkBottle"],"max_hp_gain":0,"max_hp_loss":0,"event_name":"The Mausoleum","floor":31,"gold_loss":0,"cards_obtained":["Writhe"]}],"is_beta":false,"boss_relics":[{"not_picked":["Inserter","FrozenCore"],"picked":"Runic Dome"}],"items_purged_floors":[24],"is_endless":false,"potions_floor_spawned":[1,2,6,11,13,14,16,18,21,22,30],"killed_by":"Automaton","ascension_level":15}