{"gold_per_floor":[110,34,47,64,78,103,116,116,116,116,143,159,170,200,200,273,273,286,211,231,241,98,126,126,126,126,26,40,40,40,40,40,116,116,133,133,144,144,161,161,191,191,214,227,227,257,582,158,158,158,158,158,2,32,32],"floor_reached":56,"playtime":4345,"items_purged":["Strike_B","Strike_B","Gash"],"score":1885,"play_id":"da6305b3-6163-4bcf-84de-d21ad9cf7f62","local_time":"20231204225629","is_ascension_mode":true,"campfire_choices":[{"data":"Go for the Eyes","floor":8,"key":"SMITH"},{"data":"Doom and Gloom","floor":15,"key":"SMITH"},{"data":"Self Repair","floor":25,"key":"SMITH"},{"data":"Coolheaded","floor":30,"key":"SMITH"},{"data":"Dualcast","floor":32,"key":"SMITH"},{"data":"Recycle","floor":40,"key":"SMITH"},{"data":"Zap","floor":42,"key":"SMITH"},{"data":"Steam","floor":45,"key":"SMITH"},{"floor":49,"key":"RECALL"},{"data":"FTL","floor":52,"key":"SMITH"}],"neow_cost":"NONE","seed_source_timestamp":1688602618995500,"circlet_count":0,"master_deck":["AscendersBane","Strike_B+1","Strike_B+1","Defend_B","Defend_B","Defend_B","Defend_B","Zap+1","Dualcast+1","Go for the Eyes+1","Rebound","FTL+1","Self Repair+1","Steam+1","Doom and Gloom+1","Creative AI+1","Coolheaded+1","Heatsinks+1","Buffer+1","Recycle+1","Defragment+1","Buffer+1"],"relics":["Cracked Core","Centennial Puzzle","Boot","Singing Bowl","Frozen Egg 2","Blood Vial","Turnip","Coffee Dripper","OrangePellets","Gambling Chip","Philosopher\u0027s Stone","Pen Nib","DataDisk","Whetstone","Old Coin","TungstenRod","Bag of Preparation","Kunai"],"potions_floor_usage":[6,11,21,33,55,55],"damage_taken":[{"damage":2,"enemies":"2 Louse","floor":1,"turns":3},{"damage":0,"enemies":"Cultist","floor":3,"turns":3},{"damage":0,"enemies":"Small Slimes","floor":4,"turns":3},{"damage":0,"enemies":"Exordium Thugs","floor":5,"turns":4},{"damage":20,"enemies":"3 Sentries","floor":6,"turns":7},{"damage":4,"enemies":"3 Louse","floor":7,"turns":3},{"damage":4,"enemies":"Lagavulin","floor":11,"turns":6},{"damage":0,"enemies":"Large Slime","floor":12,"turns":5},{"damage":1,"enemies":"Looter","floor":13,"turns":4},{"damage":18,"enemies":"Gremlin Nob","floor":14,"turns":3},{"damage":36,"enemies":"The Guardian","floor":16,"turns":11},{"damage":4,"enemies":"Chosen","floor":18,"turns":5},{"damage":18,"enemies":"Shell Parasite","floor":20,"turns":7},{"damage":31,"enemies":"Centurion and Healer","floor":21,"turns":6},{"damage":27,"enemies":"Gremlin Leader","floor":23,"turns":6},{"damage":15,"enemies":"Sentry and Sphere","floor":28,"turns":5},{"damage":29,"enemies":"Collector","floor":33,"turns":10},{"damage":13,"enemies":"Orb Walker","floor":35,"turns":4},{"damage":34,"enemies":"3 Shapes","floor":37,"turns":4},{"damage":0,"enemies":"Maw","floor":39,"turns":8},{"damage":14,"enemies":"Giant Head","floor":41,"turns":11},{"damage":22,"enemies":"Sphere and 2 Shapes","floor":44,"turns":5},{"damage":29,"enemies":"Reptomancer","floor":46,"turns":7},{"damage":0,"enemies":"Mind Bloom Boss Battle","floor":47,"turns":7},{"damage":17,"enemies":"Time Eater","floor":50,"turns":19},{"damage":51,"enemies":"Shield and Spear","floor":54,"turns":7},{"damage":38,"enemies":"The Heart","floor":55,"turns":13}],"seed_played":"-7874709700543575283","potions_obtained":[{"floor":3,"key":"ColorlessPotion"},{"floor":4,"key":"SteroidPotion"},{"floor":11,"key":"PotionOfCapacity"},{"floor":13,"key":"ColorlessPotion"},{"floor":18,"key":"FocusPotion"},{"floor":21,"key":"Fruit Juice"},{"floor":33,"key":"FocusPotion"},{"floor":39,"key":"Strength Potion"},{"floor":44,"key":"PotionOfCapacity"}],"is_trial":false,"path_per_floor":["M","?","M","M","M","E","M","R","T","?","E","M","M","E","R","B",null,"M","$","M","M","$","E","?","R","T","$","M","?","R","?","R","B",null,"M","?","M","?","M","R","E","R","T","M","R","E","?","$","R","B",null,"R","$","E","B",null],"character_chosen":"DEFECT","items_purchased":["OrangePellets","TungstenRod","Bag of Preparation"],"campfire_rested":0,"item_purchase_floors":[22,48,53],"current_hp_per_floor":[62,62,62,62,62,51,54,54,54,59,64,75,82,71,71,44,73,80,80,71,54,54,38,38,38,38,38,37,37,37,56,56,39,80,81,76,54,54,68,68,66,66,66,58,58,43,55,55,55,50,88,88,88,51,25],"gold":32,"neow_bonus":"RANDOM_COMMON_RELIC","is_prod":false,"is_daily":false,"chose_seed":false,"campfire_upgraded":9,"win_rate":0,"timestamp":1701759389,"path_taken":["M","?","M","M","?","E","M","R","T","?","E","M","M","E","R","BOSS","M","$","M","M","$","E","?","R","T","$","M","?","R","?","R","BOSS","M","?","?","?","M","R","E","R","T","M","R","E","?","$","R","BOSS","R","$","E","BOSS"],"build_version":"2022-12-18","purchased_purges":3,"victory":true,"max_hp_per_floor":[71,71,71,71,71,73,73,73,73,78,80,82,82,82,82,82,82,84,84,84,89,89,91,91,91,91,91,93,93,93,93,93,93,93,95,95,95,95,97,97,97,97,97,99,99,101,101,101,101,101,101,101,101,103,103],"card_choices":[{"not_picked":["Redo","Reprogram"],"picked":"Go for the Eyes","floor":1},{"not_picked":["Compile Driver","Recycle"],"picked":"Rebound","floor":3},{"not_picked":["Redo","BootSequence"],"picked":"FTL","floor":4},{"not_picked":["Steam","Recycle"],"picked":"Self Repair","floor":5},{"not_picked":["Steam Power","Rip and Tear","Sweeping Beam"],"picked":"Singing Bowl","floor":6},{"not_picked":["Scrape","FTL"],"picked":"Steam","floor":7},{"not_picked":["Streamline","Stack","Rebound"],"picked":"Singing Bowl","floor":11},{"not_picked":["Streamline","Tempest","Recycle"],"picked":"Singing Bowl","floor":12},{"not_picked":["Reinforced Body","Meteor Strike"],"picked":"Gash","floor":13},{"not_picked":["Self Repair+1","Steam"],"picked":"Doom and Gloom","floor":14},{"not_picked":["Meteor Strike","Machine Learning+1"],"picked":"Creative AI+1","floor":16},{"not_picked":["Leap","Steam","Doom and Gloom"],"picked":"Singing Bowl","floor":18},{"not_picked":["Static Discharge+1","Compile Driver"],"picked":"Coolheaded","floor":20},{"not_picked":["Turbo","Conserve Battery"],"picked":"Heatsinks+1","floor":21},{"not_picked":["Static Discharge+1","Rip and Tear","BootSequence"],"picked":"Singing Bowl","floor":23},{"not_picked":["Core Surge","Turbo","Conserve Battery"],"picked":"Singing Bowl","floor":28},{"not_picked":["Core Surge","Reboot"],"picked":"Buffer+1","floor":33},{"not_picked":["Sweeping Beam+1","Rebound","Hologram+1"],"picked":"Singing Bowl","floor":35},{"not_picked":["Stack","Hologram"],"picked":"Recycle","floor":37},{"not_picked":["Tempest","Conserve Battery","Steam"],"picked":"Singing Bowl","floor":39},{"not_picked":["Aggregate+1","Conserve Battery"],"picked":"Defragment+1","floor":41},{"not_picked":["Hologram","Beam Cell","Gash+1"],"picked":"Singing Bowl","floor":44},{"not_picked":["Reprogram","Streamline","Turbo"],"picked":"Singing Bowl","floor":46},{"not_picked":["Hologram+1","Genetic Algorithm+1"],"picked":"Buffer+1","floor":47},{"not_picked":["Conserve Battery","FTL","Sunder"],"picked":"Singing Bowl","floor":54}],"player_experience":924219,"relics_obtained":[{"floor":6,"key":"Singing Bowl"},{"floor":9,"key":"Frozen Egg 2"},{"floor":11,"key":"Blood Vial"},{"floor":14,"key":"Turnip"},{"floor":23,"key":"Gambling Chip"},{"floor":41,"key":"Pen Nib"},{"floor":43,"key":"DataDisk"},{"floor":46,"key":"Whetstone"},{"floor":47,"key":"Old Coin"},{"floor":54,"key":"Kunai"}],"event_choices":[{"damage_healed":0,"gold_gain":0,"player_choice":"Paid Gold","damage_taken":0,"relics_obtained":["Boot"],"max_hp_gain":0,"max_hp_loss":0,"event_name":"WeMeetAgain","floor":2,"gold_loss":76},{"damage_healed":0,"gold_gain":0,"player_choice":"Donut","damage_taken":0,"max_hp_gain":5,"max_hp_loss":0,"event_name":"Big Fish","floor":10,"gold_loss":0},{"damage_healed":0,"gold_gain":0,"player_choice":"Ignored","damage_taken":0,"max_hp_gain":0,"max_hp_loss":0,"event_name":"Cursed Tome","floor":24,"gold_loss":0},{"damage_healed":0,"gold_gain":0,"player_choice":"Ignored","damage_taken":0,"max_hp_gain":0,"max_hp_loss":0,"event_name":"The Mausoleum","floor":29,"gold_loss":0},{"damage_healed":19,"gold_gain":0,"player_choice":"Heal","damage_taken":0,"max_hp_gain":0,"max_hp_loss":0,"event_name":"The Library","floor":31,"gold_loss":0},{"damage_healed":0,"gold_gain":0,"player_choice":"Bought 0 Potions","damage_taken":0,"max_hp_gain":0,"max_hp_loss":0,"event_name":"The Woman in Blue","floor":36,"gold_loss":0},{"damage_healed":0,"gold_gain":0,"player_choice":"Ignored","damage_taken":0,"max_hp_gain":0,"max_hp_loss":0,"event_name":"Tomb of Lord Red Mask","floor":38,"gold_loss":0},{"damage_healed":0,"gold_gain":0,"player_choice":"Fight","damage_taken":0,"max_hp_gain":0,"max_hp_loss":0,"event_name":"MindBloom","floor":47,"gold_loss":0}],"is_beta":false,"boss_relics":[{"not_picked":["Nuclear Battery","Busted Crown"],"picked":"Coffee Dripper"},{"not_picked":["Runic Pyramid","Inserter"],"picked":"Philosopher\u0027s Stone"}],"items_purged_floors":[19,27,48],"is_endless":false,"potions_floor_spawned":[3,4,11,13,18,21,33,39,44,47],"ascension_level":15}