{"gold_per_floor":[18,37,47,1,11,23,23,23,50,50,50,50,76,96,96,173,223,211,227,238,238,248,248,266,266,293,293,309,31,81,113,113,113],"floor_reached":33,"playtime":1509,"items_purged":["Decay"],"score":565,"play_id":"048aa5f5-01e2-4ca1-b6f7-b36b78721122","local_time":"20231203220817","is_ascension_mode":true,"campfire_choices":[{"data":"Hologram","floor":8,"key":"SMITH"},{"data":"Undo","floor":10,"key":"SMITH"},{"data":"Defend_B","floor":12,"key":"SMITH"},{"data":"Hologram","floor":15,"key":"SMITH"},{"floor":23,"key":"REST"},{"data":"Defragment","floor":25,"key":"SMITH"},{"floor":27,"key":"REST"},{"floor":32,"key":"REST"}],"neow_cost":"NO_GOLD","seed_source_timestamp":1602162437224700,"circlet_count":0,"master_deck":["AscendersBane","Strike_B","Strike_B","Strike_B","Strike_B","Defend_B+1","Defend_B","Defend_B+1","Defend_B+1","Zap","Dualcast","Gash","Gash+1","Gash","Hologram+1","Undo+1","Hologram+1","Self Repair","Echo Form","Coolheaded","Hologram+1","Gash","White Noise+1","Defragment+1","Reprogram","Scrape","Hologram"],"relics":["Cracked Core","DataDisk","War Paint","Tiny House","Smiling Mask","ClockworkSouvenir","Tiny Chest"],"potions_floor_usage":[11,13,20,24,33],"damage_taken":[{"damage":6,"enemies":"Cultist","floor":1,"turns":4},{"damage":12,"enemies":"Small Slimes","floor":2,"turns":3},{"damage":0,"enemies":"2 Louse","floor":3,"turns":2},{"damage":2,"enemies":"Looter","floor":5,"turns":3},{"damage":9,"enemies":"Red Slaver","floor":6,"turns":2},{"damage":0,"enemies":"3 Sentries","floor":13,"turns":6},{"damage":0,"enemies":"2 Fungi Beasts","floor":14,"turns":3},{"damage":22,"enemies":"Slime Boss","floor":16,"turns":8},{"damage":23,"enemies":"2 Thieves","floor":18,"turns":4},{"damage":13,"enemies":"Shell Parasite","floor":19,"turns":6},{"damage":25,"enemies":"Sentry and Sphere","floor":20,"turns":9},{"damage":17,"enemies":"Chosen and Byrds","floor":22,"turns":6},{"damage":21,"enemies":"Snake Plant","floor":24,"turns":4},{"damage":25,"enemies":"Snecko","floor":28,"turns":6},{"damage":25,"enemies":"Book of Stabbing","floor":31,"turns":6},{"damage":33,"enemies":"Collector","floor":33,"turns":3}],"seed_played":"8056613942143754254","potions_obtained":[{"floor":1,"key":"PotionOfCapacity"},{"floor":6,"key":"BlessingOfTheForge"},{"floor":11,"key":"Fruit Juice"},{"floor":11,"key":"DistilledChaos"},{"floor":13,"key":"FocusPotion"},{"floor":17,"key":"GamblersBrew"},{"floor":22,"key":"SteroidPotion"},{"floor":24,"key":"EssenceOfSteel"},{"floor":31,"key":"AttackPotion"}],"is_trial":false,"path_per_floor":["M","M","M","$","M","M","$","R","T","R","?","R","E","M","R","B",null,"M","M","M","?","M","R","M","R","T","R","M","$","?","E","R","B"],"character_chosen":"DEFECT","items_purchased":["Gash","ClockworkSouvenir","Scrape"],"campfire_rested":3,"item_purchase_floors":[4,29,29],"current_hp_per_floor":[58,46,46,46,44,35,35,35,35,35,40,40,40,40,40,25,68,52,46,28,28,11,35,21,21,21,45,27,27,27,9,33,0],"gold":113,"neow_bonus":"THREE_RARE_CARDS","is_prod":false,"is_daily":false,"chose_seed":false,"campfire_upgraded":5,"win_rate":0,"timestamp":1701670097,"path_taken":["M","M","M","?","M","M","$","R","T","R","?","R","E","M","R","BOSS","M","M","?","?","M","R","M","R","T","R","M","$","?","E","R","BOSS"],"build_version":"2022-12-18","purchased_purges":1,"victory":false,"max_hp_per_floor":[71,71,71,71,71,71,71,71,71,71,76,76,76,76,76,76,81,81,81,81,81,81,81,81,81,81,81,81,81,81,81,81,81],"card_choices":[{"not_picked":["Static Discharge","Blizzard","Barrage"],"picked":"SKIP","floor":1},{"not_picked":["Beam Cell","Steam"],"picked":"Gash","floor":2},{"not_picked":["Darkness","Leap"],"picked":"Gash","floor":3},{"not_picked":["Loop","Barrage"],"picked":"Hologram","floor":5},{"not_picked":["Rebound","Reprogram"],"picked":"Undo","floor":6},{"not_picked":["Rebound","Gash"],"picked":"Hologram","floor":13},{"not_picked":["Darkness","Core Surge"],"picked":"Self Repair","floor":14},{"not_picked":["Amplify","Thunder Strike"],"picked":"Echo Form","floor":16},{"not_picked":["Rebound","Glacier"],"picked":"Coolheaded","floor":17},{"not_picked":["Go for the Eyes","Tempest","Leap"],"picked":"SKIP","floor":18},{"not_picked":["Barrage","Ball Lightning"],"picked":"Hologram+1","floor":19},{"not_picked":["Redo","Steam"],"picked":"Gash","floor":20},{"not_picked":["Cold Snap","Reinforced Body"],"picked":"White Noise+1","floor":22},{"not_picked":["Electrodynamics","Heatsinks"],"picked":"Defragment","floor":24},{"not_picked":["Redo","Rip and Tear+1"],"picked":"Reprogram","floor":28},{"not_picked":["Steam","Chill"],"picked":"Hologram","floor":31}],"player_experience":922710,"relics_obtained":[{"floor":9,"key":"DataDisk"},{"floor":13,"key":"War Paint"},{"floor":26,"key":"Smiling Mask"},{"floor":31,"key":"Tiny Chest"}],"event_choices":[{"damage_healed":0,"gold_gain":0,"player_choice":"Got Potions","damage_taken":0,"max_hp_gain":0,"max_hp_loss":0,"event_name":"Lab","floor":11,"gold_loss":0},{"damage_healed":0,"gold_gain":0,"player_choice":"Smashed Altar","damage_taken":0,"max_hp_gain":0,"max_hp_loss":0,"event_name":"Forgotten Altar","floor":21,"gold_loss":0,"cards_obtained":["Decay"]},{"damage_healed":0,"gold_gain":50,"player_choice":"Stole From Cult","damage_taken":0,"max_hp_gain":0,"max_hp_loss":0,"event_name":"Nest","floor":30,"gold_loss":0}],"is_beta":false,"boss_relics":[{"not_picked":["SacredBark","Snecko Eye"],"picked":"Tiny House"}],"items_purged_floors":[29],"is_endless":false,"potions_floor_spawned":[1,6,13,14,16,22,24,31],"killed_by":"Collector","ascension_level":15}