{"gold_per_floor":[116,116,63,87,111,130,149,101,126,139,139,153,153,193,193,286,286,300,350,308,308,130,130,130],"floor_reached":24,"playtime":1048,"items_purged":["Strike_B"],"score":366,"play_id":"a1bfd3d1-c592-4a42-acd8-04ad57dacba7","local_time":"20231213043540","is_ascension_mode":true,"campfire_choices":[{"floor":11,"key":"REST"},{"data":"Consume","floor":13,"key":"SMITH"},{"floor":15,"key":"REST"},{"data":"Sunder","floor":23,"key":"SMITH"}],"neow_cost":"PERCENT_DAMAGE","seed_source_timestamp":446436020965300,"circlet_count":0,"master_deck":["AscendersBane","Strike_B","Strike_B","Strike_B","Defend_B","Defend_B","Defend_B","Defend_B","Zap","Dualcast","Heatsinks","Beam Cell","Conserve Battery","Ball Lightning","Auto Shields","Consume+1","Cold Snap","Capacitor","Glacier","Echo Form","Seek","Sunder+1","Panacea"],"relics":["Cracked Core","Prayer Wheel","Golden Idol","Nuclear Battery","Nloth\u0027s Gift"],"potions_floor_usage":[6,7,10],"damage_taken":[{"damage":7,"enemies":"Small Slimes","floor":1,"turns":4},{"damage":0,"enemies":"2 Louse","floor":4,"turns":2},{"damage":7,"enemies":"Jaw Worm","floor":5,"turns":4},{"damage":0,"enemies":"Looter","floor":6,"turns":2},{"damage":30,"enemies":"Gremlin Gang","floor":7,"turns":5},{"damage":0,"enemies":"Exordium Wildlife","floor":10,"turns":4},{"damage":1,"enemies":"Blue Slaver","floor":12,"turns":3},{"damage":7,"enemies":"3 Sentries","floor":14,"turns":7},{"damage":24,"enemies":"The Guardian","floor":16,"turns":13},{"damage":17,"enemies":"Spheric Guardian","floor":18,"turns":5},{"damage":9,"enemies":"2 Thieves","floor":20,"turns":5},{"damage":27,"enemies":"Centurion and Healer","floor":24,"turns":11}],"seed_played":"1006796297428491746","potions_obtained":[{"floor":1,"key":"Energy Potion"},{"floor":7,"key":"Dexterity Potion"},{"floor":18,"key":"Energy Potion"}],"is_trial":false,"path_per_floor":["M","?","$","M","M","M","M","?","T","M","R","M","R","E","R","B",null,"M","?","M","?","$","R","M"],"character_chosen":"DEFECT","items_purchased":["SkillPotion","Panacea"],"campfire_rested":2,"item_purchase_floors":[3,22],"current_hp_per_floor":[39,39,39,39,32,32,2,2,2,2,21,20,20,13,32,8,50,33,33,24,24,24,24,0],"gold":130,"neow_bonus":"ONE_RARE_RELIC","is_prod":false,"is_daily":false,"chose_seed":false,"campfire_upgraded":2,"win_rate":0,"timestamp":1702470940,"path_taken":["M","?","$","M","M","M","M","?","T","M","R","M","R","E","R","BOSS","M","?","M","?","$","R","M"],"build_version":"2022-12-18","purchased_purges":1,"victory":false,"max_hp_per_floor":[71,64,64,64,64,64,64,64,64,64,64,64,64,64,64,64,64,64,64,64,64,64,64,64],"card_choices":[{"not_picked":["Lockon","Tempest"],"picked":"Heatsinks","floor":1},{"not_picked":["Capacitor","Scrape"],"picked":"Beam Cell","floor":1},{"not_picked":["Static Discharge","Beam Cell"],"picked":"Conserve Battery","floor":4},{"not_picked":["Redo","Double Energy","Stack"],"picked":"SKIP","floor":4},{"not_picked":["Recycle","Conserve Battery"],"picked":"Ball Lightning","floor":5},{"not_picked":["FTL","Stack","Barrage"],"picked":"SKIP","floor":5},{"not_picked":["Static Discharge","Leap"],"picked":"Auto Shields","floor":6},{"not_picked":["Steam","Redo"],"picked":"Consume","floor":6},{"not_picked":["Rainbow","Conserve Battery"],"picked":"Cold Snap","floor":7},{"not_picked":["Aggregate","Go for the Eyes","Compile Driver"],"picked":"SKIP","floor":7},{"not_picked":["Rebound","Hologram"],"picked":"Capacitor","floor":10},{"not_picked":["Go for the Eyes","Hologram","Sweeping Beam"],"picked":"SKIP","floor":10},{"not_picked":["Aggregate","Rebound"],"picked":"Glacier","floor":12},{"not_picked":["Leap","Go for the Eyes","Storm"],"picked":"SKIP","floor":12},{"not_picked":["Beam Cell","Chaos"],"picked":"Echo Form","floor":14},{"not_picked":["Rainbow","Echo Form"],"picked":"Seek","floor":16},{"not_picked":["Conserve Battery","Rebound","Doom and Gloom"],"picked":"SKIP","floor":18},{"not_picked":["Gash","Ball Lightning","Rebound"],"picked":"SKIP","floor":18},{"not_picked":["Barrage","Stack"],"picked":"Sunder","floor":20},{"not_picked":["Leap","Hello World","Auto Shields"],"picked":"SKIP","floor":20}],"player_experience":978552,"relics_obtained":[{"floor":14,"key":"Anchor"}],"event_choices":[{"damage_healed":0,"gold_gain":0,"player_choice":"Lose Max HP","damage_taken":0,"relics_obtained":["Golden Idol"],"max_hp_gain":0,"max_hp_loss":7,"event_name":"Golden Idol","floor":2,"gold_loss":0},{"damage_healed":0,"gold_gain":0,"player_choice":"Left Gold","damage_taken":0,"max_hp_gain":0,"max_hp_loss":0,"event_name":"World of Goop","floor":8,"gold_loss":48},{"damage_healed":0,"gold_gain":50,"player_choice":"Stole From Cult","damage_taken":0,"max_hp_gain":0,"max_hp_loss":0,"event_name":"Nest","floor":19,"gold_loss":0},{"damage_healed":0,"gold_gain":0,"player_choice":"Traded Relic","damage_taken":0,"relics_obtained":["Nloth\u0027s Gift"],"max_hp_gain":0,"max_hp_loss":0,"event_name":"N\u0027loth","floor":21,"relics_lost":["Anchor"],"gold_loss":0}],"is_beta":false,"boss_relics":[{"not_picked":["Ectoplasm","Inserter"],"picked":"Nuclear Battery"}],"items_purged_floors":[22],"is_endless":false,"potions_floor_spawned":[1,4,5,7,18],"killed_by":"Centurion and Healer","ascension_level":17}