{"gold_per_floor":[113,113,128,138,8,36,36,73,126,126,166,166,166,186,186,270,270,297,38,56,84,98,98,120,155,155,182,221,221,243,254,254,254],"floor_reached":33,"playtime":1413,"items_purged":["Strike_B","Strike_B"],"score":580,"play_id":"6522123f-df77-4dda-a882-1ba620157573","local_time":"20231218001109","is_ascension_mode":true,"campfire_choices":[{"data":"Biased Cognition","floor":7,"key":"SMITH"},{"data":"Sweeping Beam","floor":10,"key":"SMITH"},{"data":"Zap","floor":12,"key":"SMITH"},{"data":"Hologram","floor":15,"key":"SMITH"},{"data":"Sunder","floor":23,"key":"SMITH"},{"floor":29,"key":"REST"},{"data":"Sunder","floor":32,"key":"SMITH"}],"neow_cost":"NONE","seed_source_timestamp":394612685776300,"circlet_count":0,"master_deck":["AscendersBane","Defend_B","Defend_B","Defend_B","Zap+1","Dualcast","Ball Lightning","Reinforced Body","Reinforced Body","Biased Cognition+1","Sweeping Beam+1","Hologram+1","Conserve Battery","Fission","Sunder+1","Biased Cognition+1","Self Repair","Sunder+1","Aggregate","Ball Lightning+1","Ghostly","Ghostly","Ghostly","Skim","Capacitor"],"relics":["Cracked Core","Juzu Bracelet","Blue Candle","CeramicFish","Bag of Marbles","Cursed Key","DollysMirror","WingedGreaves","Orichalcum"],"potions_floor_usage":[6,11,25,33,33],"damage_taken":[{"damage":1,"enemies":"Cultist","floor":1,"turns":3},{"damage":0,"enemies":"Small Slimes","floor":3,"turns":3},{"damage":2,"enemies":"Jaw Worm","floor":4,"turns":4},{"damage":14,"enemies":"Lagavulin","floor":6,"turns":8},{"damage":23,"enemies":"Gremlin Nob","floor":8,"turns":4},{"damage":20,"enemies":"3 Sentries","floor":11,"turns":5},{"damage":0,"enemies":"Large Slime","floor":14,"turns":3},{"damage":39,"enemies":"The Guardian","floor":16,"turns":12},{"damage":8,"enemies":"Chosen","floor":18,"turns":4},{"damage":3,"enemies":"3 Byrds","floor":21,"turns":4},{"damage":1,"enemies":"3 Cultists","floor":22,"turns":4},{"damage":6,"enemies":"Centurion and Healer","floor":24,"turns":6},{"damage":40,"enemies":"Gremlin Leader","floor":25,"turns":8},{"damage":18,"enemies":"Slavers","floor":28,"turns":5},{"damage":0,"enemies":"Snake Plant","floor":30,"turns":3},{"damage":0,"enemies":"Sentry and Sphere","floor":31,"turns":4},{"damage":33,"enemies":"Collector","floor":33,"turns":6}],"seed_played":"-3417138914587186496","potions_obtained":[{"floor":1,"key":"FocusPotion"},{"floor":6,"key":"PotionOfCapacity"},{"floor":8,"key":"Regen Potion"},{"floor":11,"key":"FearPotion"},{"floor":18,"key":"LiquidMemories"},{"floor":30,"key":"AttackPotion"}],"is_trial":false,"path_per_floor":["M","?","M","M","$","E","R","E","T","R","E","R","?","M","R","B",null,"M","$","?","M","M","R","M","E","T","?","E","R","M","M","R","B"],"character_chosen":"DEFECT","items_purchased":["Explosive Potion","DollysMirror"],"campfire_rested":1,"item_purchase_floors":[5,19],"current_hp_per_floor":[63,63,63,61,61,47,47,24,24,24,18,18,71,71,71,32,61,53,53,53,50,56,56,57,24,24,24,6,16,23,30,30,0],"gold":254,"neow_bonus":"RANDOM_COMMON_RELIC","is_prod":false,"is_daily":false,"chose_seed":false,"campfire_upgraded":6,"win_rate":0,"timestamp":1702887069,"path_taken":["M","?","M","M","$","E","R","E","T","R","E","R","?","M","R","BOSS","M","$","?","M","M","R","M","E","T","?","E","R","M","M","R","BOSS"],"build_version":"2022-12-18","purchased_purges":2,"victory":false,"max_hp_per_floor":[71,71,71,71,71,71,71,71,71,71,71,71,71,71,71,71,71,71,71,71,71,71,71,71,71,71,35,35,35,35,35,35,35],"card_choices":[{"not_picked":["Double Energy","Stack"],"picked":"Ball Lightning","floor":1},{"not_picked":["Leap","Heatsinks"],"picked":"Reinforced Body","floor":3},{"not_picked":["Tempest","Barrage"],"picked":"Reinforced Body","floor":4},{"not_picked":["Leap","Doom and Gloom"],"picked":"Biased Cognition","floor":6},{"not_picked":["Beam Cell","BootSequence"],"picked":"Sweeping Beam","floor":8},{"not_picked":["Consume","Turbo"],"picked":"Hologram","floor":11},{"not_picked":["Steam","Consume"],"picked":"Conserve Battery","floor":14},{"not_picked":["All For One","Creative AI"],"picked":"Fission","floor":16},{"not_picked":["Static Discharge","Streamline"],"picked":"Sunder","floor":18},{"not_picked":["Hologram","Force Field"],"picked":"Aggregate","floor":21},{"not_picked":["Self Repair","Sweeping Beam","FTL"],"picked":"SKIP","floor":22},{"not_picked":["Melter","Beam Cell+1"],"picked":"Ball Lightning+1","floor":24},{"not_picked":["Hologram","Gash","Rebound"],"picked":"SKIP","floor":25},{"not_picked":["Force Field","Ball Lightning"],"picked":"Skim","floor":28},{"not_picked":["Go for the Eyes","Leap"],"picked":"Capacitor","floor":30},{"not_picked":["Thunder Strike","Reprogram","Redo"],"picked":"SKIP","floor":31}],"player_experience":1022800,"relics_obtained":[{"floor":6,"key":"Blue Candle"},{"floor":8,"key":"CeramicFish"},{"floor":11,"key":"Bag of Marbles"},{"floor":25,"key":"WingedGreaves"},{"floor":28,"key":"Orichalcum"}],"event_choices":[{"damage_healed":0,"gold_gain":0,"cards_transformed":["Strike_B"],"player_choice":"Change","damage_taken":0,"max_hp_gain":0,"max_hp_loss":0,"event_name":"Living Wall","floor":2,"gold_loss":0,"cards_obtained":["Static Discharge"]},{"cards_removed":["Static Discharge"],"damage_healed":53,"gold_gain":0,"player_choice":"Offered Uncommon","damage_taken":0,"max_hp_gain":0,"max_hp_loss":0,"event_name":"Bonfire Elementals","floor":13,"gold_loss":0},{"damage_healed":0,"gold_gain":0,"cards_transformed":["Strike_B","Defend_B"],"player_choice":"Became Test Subject","damage_taken":0,"max_hp_gain":0,"max_hp_loss":0,"event_name":"Drug Dealer","floor":20,"gold_loss":0,"cards_obtained":["Self Repair","Sunder"]},{"damage_healed":0,"gold_gain":0,"player_choice":"Became a Ghost","damage_taken":0,"max_hp_gain":0,"max_hp_loss":36,"event_name":"Ghosts","floor":27,"gold_loss":0,"cards_obtained":["Ghostly","Ghostly","Ghostly"]}],"is_beta":false,"boss_relics":[{"not_picked":["SlaversCollar","Nuclear Battery"],"picked":"Cursed Key"}],"items_purged_floors":[5,19],"is_endless":false,"potions_floor_spawned":[1,6,8,11,18,21,30],"killed_by":"Collector","ascension_level":18}