{"gold_per_floor":[119,119,8,25,36,36,61,61,84,112,112,138,172,200,212,308,320,350,382,414,155,155],"floor_reached":22,"playtime":1124,"items_purged":["Strike_B","Strike_B"],"score":366,"play_id":"c05d1944-868d-4e78-a40b-1bae7fc6c523","local_time":"20231214064145","is_ascension_mode":true,"campfire_choices":[{"data":"Dualcast","floor":6,"key":"SMITH"},{"data":"Redo","floor":8,"key":"SMITH"},{"data":"Coolheaded","floor":11,"key":"SMITH"},{"data":"Consume","floor":15,"key":"SMITH"}],"neow_cost":"TEN_PERCENT_HP_LOSS","seed_source_timestamp":72723090900000,"circlet_count":0,"master_deck":["AscendersBane","Defend_B","Defend_B","Defend_B","Defend_B","Zap","Dualcast+1","Ball Lightning+1","Redo+1","Self Repair","Hello World","Coolheaded+1","Ball Lightning","Coolheaded","Consume+1","Echo Form","Ball Lightning+1","Conserve Battery"],"relics":["Cracked Core","Boot","CeramicFish","MawBank","Nuclear Battery","Runic Capacitor"],"potions_floor_usage":[7,13,22],"damage_taken":[{"damage":1,"enemies":"2 Louse","floor":1,"turns":2},{"damage":1,"enemies":"Cultist","floor":4,"turns":3},{"damage":7,"enemies":"Jaw Worm","floor":5,"turns":4},{"damage":8,"enemies":"Lagavulin","floor":7,"turns":5},{"damage":3,"enemies":"Blue Slaver","floor":10,"turns":4},{"damage":8,"enemies":"3 Louse","floor":12,"turns":3},{"damage":9,"enemies":"3 Sentries","floor":13,"turns":5},{"damage":19,"enemies":"Gremlin Gang","floor":14,"turns":3},{"damage":23,"enemies":"Hexaghost","floor":16,"turns":7},{"damage":28,"enemies":"3 Byrds","floor":18,"turns":5},{"damage":24,"enemies":"2 Thieves","floor":19,"turns":4},{"damage":13,"enemies":"3 Cultists","floor":20,"turns":4},{"damage":15,"enemies":"Centurion and Healer","floor":22,"turns":1}],"seed_played":"-563475121833650617","potions_obtained":[{"floor":1,"key":"FearPotion"},{"floor":7,"key":"FocusPotion"},{"floor":10,"key":"Regen Potion"},{"floor":12,"key":"AttackPotion"},{"floor":16,"key":"SteroidPotion"}],"is_trial":false,"path_per_floor":["M","?","$","M","M","R","E","R","T","M","R","M","E","M","R","B",null,"M","M","M","$","M"],"character_chosen":"DEFECT","items_purchased":["Hello World","Runic Capacitor"],"campfire_rested":0,"item_purchase_floors":[3,21],"current_hp_per_floor":[63,63,63,64,64,64,63,63,63,64,64,63,61,42,42,26,55,34,17,11,11,0],"gold":155,"neow_bonus":"TRANSFORM_TWO_CARDS","is_prod":false,"is_daily":false,"chose_seed":false,"campfire_upgraded":4,"win_rate":0,"timestamp":1702564905,"path_taken":["M","?","?","M","?","R","E","R","T","M","R","M","E","M","R","BOSS","M","M","?","$","?"],"build_version":"2022-12-18","purchased_purges":2,"victory":false,"max_hp_per_floor":[64,64,64,64,64,64,64,64,64,64,64,64,64,64,64,64,64,64,64,64,64,64],"card_choices":[{"not_picked":["Heatsinks","Darkness"],"picked":"Self Repair","floor":1},{"not_picked":["Reprogram","Blizzard"],"picked":"Coolheaded","floor":4},{"not_picked":["Rip and Tear","Turbo","Beam Cell"],"picked":"SKIP","floor":5},{"not_picked":["Beam Cell","Stack"],"picked":"Ball Lightning","floor":7},{"not_picked":["Skim","Barrage"],"picked":"Coolheaded","floor":10},{"not_picked":["Reprogram","Sunder"],"picked":"Consume","floor":12},{"not_picked":["Compile Driver","Scrape","Barrage"],"picked":"SKIP","floor":13},{"not_picked":["Rainbow","Redo","Steam"],"picked":"SKIP","floor":14},{"not_picked":["Thunder Strike","Buffer"],"picked":"Echo Form","floor":16},{"not_picked":["Redo+1","Gash","Rebound"],"picked":"SKIP","floor":18},{"not_picked":["Genetic Algorithm","Self Repair"],"picked":"Ball Lightning+1","floor":19},{"not_picked":["Leap","Beam Cell"],"picked":"Conserve Battery","floor":20}],"player_experience":985628,"relics_obtained":[{"floor":7,"key":"Boot"},{"floor":9,"key":"CeramicFish"},{"floor":13,"key":"MawBank"}],"event_choices":[{"damage_healed":0,"gold_gain":0,"player_choice":"Upgraded","damage_taken":0,"max_hp_gain":0,"max_hp_loss":0,"event_name":"Upgrade Shrine","floor":2,"gold_loss":0,"cards_upgraded":["Ball Lightning"]}],"is_beta":false,"boss_relics":[{"not_picked":["Sozu","Empty Cage"],"picked":"Nuclear Battery"}],"items_purged_floors":[3,21],"is_endless":false,"potions_floor_spawned":[1,7,10,12,16,20],"killed_by":"Centurion and Healer","ascension_level":17}