{"gold_per_floor":[117,130,130,142,157,187,187,213,240,240,274,291,323,337,337,411,411,430,430,26,42,59,93,93,112,136,165,176,176,39,39,39,113,113,126,140,140,140,140,140,140],"floor_reached":41,"playtime":1977,"items_purged":["Strike_B","Strike_B"],"score":1028,"play_id":"8a838cc0-2722-4409-9704-732c38fc1254","local_time":"20231218014957","is_ascension_mode":true,"campfire_choices":[{"data":"Sunder","floor":7,"key":"SMITH"},{"floor":10,"key":"REST"},{"floor":15,"key":"REST"},{"data":"Double Energy","floor":24,"key":"SMITH"},{"floor":32,"key":"REST"}],"neow_cost":"TEN_PERCENT_HP_LOSS","seed_source_timestamp":399971287019900,"circlet_count":0,"master_deck":["AscendersBane","Strike_B","Strike_B","Defend_B","Defend_B","Defend_B","Defend_B","Zap","Dualcast+1","Electrodynamics","Conserve Battery","Undo","Ball Lightning","Sunder+1","Core Surge","Reinforced Body","Chill","Beam Cell","Echo Form","Double Energy+1","Go for the Eyes","Capacitor+1","Go for the Eyes","Turbo+1","Aggregate+1","Self Repair+1","Skim+1","Echo Form+1","Madness+1","Madness+1"],"relics":["Cracked Core","Bronze Scales","Anchor","Dream Catcher","MealTicket","Mercury Hourglass","Runic Pyramid","Frozen Egg 2","Question Card","Potion Belt","Toxic Egg 2","Runic Dome"],"potions_floor_usage":[8,13,27,33,40],"damage_taken":[{"damage":0,"enemies":"Cultist","floor":1,"turns":3},{"damage":7,"enemies":"Small Slimes","floor":2,"turns":3},{"damage":7,"enemies":"Jaw Worm","floor":4,"turns":3},{"damage":4,"enemies":"3 Louse","floor":5,"turns":4},{"damage":20,"enemies":"3 Sentries","floor":6,"turns":3},{"damage":22,"enemies":"Lagavulin","floor":8,"turns":5},{"damage":0,"enemies":"3 Sentries","floor":11,"turns":2},{"damage":0,"enemies":"Blue Slaver","floor":12,"turns":2},{"damage":7,"enemies":"Lagavulin","floor":13,"turns":4},{"damage":0,"enemies":"Lots of Slimes","floor":14,"turns":2},{"damage":10,"enemies":"The Guardian","floor":16,"turns":9},{"damage":0,"enemies":"3 Byrds","floor":18,"turns":3},{"damage":9,"enemies":"Shell Parasite","floor":21,"turns":4},{"damage":7,"enemies":"Sentry and Sphere","floor":22,"turns":5},{"damage":0,"enemies":"Gremlin Leader","floor":23,"turns":6},{"damage":11,"enemies":"Chosen and Byrds","floor":25,"turns":5},{"damage":1,"enemies":"Book of Stabbing","floor":27,"turns":4},{"damage":14,"enemies":"Snecko","floor":28,"turns":4},{"damage":15,"enemies":"Champ","floor":33,"turns":13},{"damage":42,"enemies":"3 Darklings","floor":35,"turns":4},{"damage":3,"enemies":"Orb Walker","floor":36,"turns":4},{"damage":35,"enemies":"Nemesis","floor":40,"turns":6},{"damage":44,"enemies":"Writhing Mass","floor":41,"turns":3}],"seed_played":"8435588511921350265","potions_obtained":[{"floor":1,"key":"CultistPotion"},{"floor":5,"key":"Dexterity Potion"},{"floor":11,"key":"Explosive Potion"},{"floor":12,"key":"FearPotion"},{"floor":13,"key":"AttackPotion"},{"floor":23,"key":"FocusPotion"},{"floor":28,"key":"DuplicationPotion"},{"floor":33,"key":"SmokeBomb"},{"floor":35,"key":"SpeedPotion"}],"is_trial":false,"path_per_floor":["M","M","?","M","M","E","R","E","T","R","E","M","E","M","R","B",null,"M","?","$","M","M","E","R","M","T","E","M","$","$","?","R","B",null,"M","M","?","?","$","E","M"],"character_chosen":"DEFECT","items_purchased":["Frozen Egg 2","Fire Potion","Self Repair+1"],"campfire_rested":3,"item_purchase_floors":[20,20,30],"current_hp_per_floor":[64,57,57,50,46,26,26,4,4,23,23,23,16,16,35,25,54,54,54,64,55,48,48,48,37,37,36,22,37,52,35,55,60,67,45,62,62,50,65,40,0],"gold":140,"neow_bonus":"THREE_RARE_CARDS","is_prod":false,"is_daily":false,"chose_seed":false,"campfire_upgraded":2,"win_rate":0,"timestamp":1702892997,"path_taken":["M","M","?","M","M","E","R","E","T","R","E","M","E","M","R","BOSS","M","?","$","?","M","E","R","M","T","E","M","?","$","?","R","BOSS","M","M","?","?","$","E","M"],"build_version":"2022-12-18","purchased_purges":2,"victory":false,"max_hp_per_floor":[64,64,64,64,64,64,64,64,64,64,64,64,64,64,64,64,64,64,64,64,64,64,64,64,64,64,64,64,64,64,69,69,69,69,69,69,69,69,69,69,69],"card_choices":[{"not_picked":["Biased Cognition","Creative AI"],"picked":"Electrodynamics","floor":0},{"not_picked":["Tempest","Leap"],"picked":"Conserve Battery","floor":1},{"not_picked":["Go for the Eyes","Redo"],"picked":"Undo","floor":2},{"not_picked":["Force Field","Fusion","Steam"],"picked":"SKIP","floor":4},{"not_picked":["Gash","Cold Snap"],"picked":"Ball Lightning","floor":5},{"not_picked":["Stack","Recycle"],"picked":"Sunder","floor":6},{"not_picked":["Leap","Sweeping Beam","Compile Driver"],"picked":"SKIP","floor":8},{"not_picked":["Hologram","Coolheaded"],"picked":"Core Surge","floor":10},{"not_picked":["Recycle","Conserve Battery"],"picked":"Reinforced Body","floor":11},{"not_picked":["Redo","Streamline","Sweeping Beam"],"picked":"SKIP","floor":12},{"not_picked":["Redo","Streamline","Sweeping Beam"],"picked":"SKIP","floor":12},{"not_picked":["Fusion","Rip and Tear","Rebound"],"picked":"SKIP","floor":13},{"not_picked":["Compile Driver","White Noise"],"picked":"Chill","floor":14},{"not_picked":["Storm","Ball Lightning"],"picked":"Beam Cell","floor":15},{"not_picked":["Creative AI","All For One"],"picked":"Echo Form","floor":16},{"not_picked":["Chaos","Steam","Compile Driver"],"picked":"SKIP","floor":18},{"not_picked":["Compile Driver","Ball Lightning"],"picked":"Go for the Eyes","floor":21},{"not_picked":["Fission","Hello World+1"],"picked":"Coolheaded+1","floor":22},{"not_picked":["Coolheaded","Creative AI+1"],"picked":"Capacitor+1","floor":23},{"not_picked":["Compile Driver","Chaos","Gash+1"],"picked":"Go for the Eyes","floor":25},{"not_picked":["Genetic Algorithm+1","Loop+1","Beam Cell"],"picked":"Turbo+1","floor":27},{"not_picked":["Loop+1","Redo+1","Barrage"],"picked":"Aggregate+1","floor":28},{"not_picked":["Cold Snap","Ball Lightning","Barrage"],"picked":"Skim+1","floor":32},{"not_picked":["Creative AI+1","Machine Learning+1","All For One"],"picked":"Echo Form+1","floor":33},{"not_picked":["Tempest+1","Stack+1","Storm+1","Leap+1"],"picked":"SKIP","floor":35},{"not_picked":["Barrage","Force Field+1","Redo+1","Rebound+1"],"picked":"SKIP","floor":36}],"player_experience":1026589,"relics_obtained":[{"floor":6,"key":"Bronze Scales"},{"floor":8,"key":"Anchor"},{"floor":9,"key":"Dream Catcher"},{"floor":11,"key":"MealTicket"},{"floor":13,"key":"Mercury Hourglass"},{"floor":23,"key":"Question Card"},{"floor":26,"key":"Potion Belt"},{"floor":27,"key":"Toxic Egg 2"}],"event_choices":[{"damage_healed":0,"gold_gain":0,"player_choice":"Upgraded","damage_taken":0,"max_hp_gain":0,"max_hp_loss":0,"event_name":"Upgrade Shrine","floor":3,"gold_loss":0,"cards_upgraded":["Dualcast"]},{"damage_healed":0,"gold_gain":0,"player_choice":"1 cards matched","damage_taken":0,"max_hp_gain":0,"max_hp_loss":0,"event_name":"Match and Keep!","floor":19,"gold_loss":0,"cards_obtained":["Double Energy"]},{"damage_healed":0,"gold_gain":0,"player_choice":"Shed Blood","damage_taken":22,"max_hp_gain":5,"max_hp_loss":0,"event_name":"Forgotten Altar","floor":31,"gold_loss":0},{"cards_removed":["Coolheaded"],"damage_healed":0,"gold_gain":0,"player_choice":"Removed Skill","damage_taken":0,"max_hp_gain":0,"max_hp_loss":0,"event_name":"Falling","floor":37,"gold_loss":0},{"damage_healed":0,"gold_gain":0,"player_choice":"Embrace Madness","damage_taken":12,"max_hp_gain":0,"max_hp_loss":0,"event_name":"Winding Halls","floor":38,"gold_loss":0,"cards_obtained":["Madness","Madness"]}],"is_beta":false,"boss_relics":[{"not_picked":["Inserter","FrozenCore"],"picked":"Runic Pyramid"},{"not_picked":["Sozu","Black Star"],"picked":"Runic Dome"}],"items_purged_floors":[20,30],"is_endless":false,"potions_floor_spawned":[1,5,11,12,13,18,23,28,33,35],"killed_by":"Writhing Mass","ascension_level":18}