{"gold_per_floor":[115,126,146,165,90,124,124,153,226,226,226,260,273,293,293,365,365,382,394,412,430,164,164,195,195,242,272,302,316,316,327,327,404,404,417,207,226,33,45,45,45,75,75,109,109,141,141,152,152,152,152,152,38,69,69],"floor_reached":56,"playtime":3047,"items_purged":["Strike_B","Creative AI","Rip and Tear","Sweeping Beam+1"],"score":2250,"play_id":"ccb0b424-60c8-4975-9edf-6799087bc9fa","local_time":"20231209141829","is_ascension_mode":true,"campfire_choices":[{"data":"Dualcast","floor":7.0,"key":"SMITH"},{"data":"White Noise","floor":10.0,"key":"SMITH"},{"data":"Defragment","floor":15.0,"key":"SMITH"},{"data":"Biased Cognition","floor":23.0,"key":"SMITH"},{"data":"Biased Cognition","floor":25.0,"key":"SMITH"},{"data":"Double Energy","floor":30.0,"key":"SMITH"},{"data":"Coolheaded","floor":32.0,"key":"SMITH"},{"data":"Heatsinks","floor":41.0,"key":"SMITH"},{"floor":49.0,"key":"RECALL"},{"data":"Defragment","floor":52.0,"key":"SMITH"}],"neow_cost":"NONE","seed_source_timestamp":133750545878000,"circlet_count":0,"master_deck":["AscendersBane","Zap","Dualcast+1","Undo","White Noise+1","Tempest","Hologram","Sunder+1","Defragment+1","Biased Cognition+1","Self Repair","Melter+1","Biased Cognition+1","Double Energy+1","Reinforced Body","Go for the Eyes+1","Coolheaded","Coolheaded+1","Capacitor","Core Surge+1","Coolheaded","Heatsinks+1","Defragment+1","Ball Lightning+1","Parasite","Loop+1"],"special_seed":0,"relics":["Cracked Core","Anchor","FossilizedHelix","Molten Egg 2","Blood Vial","Pandora\u0027s Box","Runic Capacitor","Prayer Wheel","Tiny Chest","Red Mask","Busted Crown","Whetstone","The Courier","Juzu Bracelet","Ancient Tea Set","Bronze Scales","Bottled Tornado"],"potions_floor_usage":[55,55],"damage_taken":[{"damage":5.0,"enemies":"2 Louse","floor":1.0,"turns":2.0},{"damage":0.0,"enemies":"Cultist","floor":2.0,"turns":3.0},{"damage":0.0,"enemies":"Jaw Worm","floor":3.0,"turns":3.0},{"damage":0.0,"enemies":"Large Slime","floor":4.0,"turns":4.0},{"damage":33.0,"enemies":"3 Sentries","floor":6.0,"turns":9.0},{"damage":48.0,"enemies":"Lagavulin","floor":8.0,"turns":8.0},{"damage":10.0,"enemies":"Gremlin Nob","floor":12.0,"turns":4.0},{"damage":0.0,"enemies":"Exordium Wildlife","floor":13.0,"turns":5.0},{"damage":0.0,"enemies":"Exordium Thugs","floor":14.0,"turns":3.0},{"damage":0.0,"enemies":"Slime Boss","floor":16.0,"turns":6.0},{"damage":0.0,"enemies":"Chosen","floor":18.0,"turns":3.0},{"damage":0.0,"enemies":"Spheric Guardian","floor":19.0,"turns":2.0},{"damage":9.0,"enemies":"Centurion and Healer","floor":20.0,"turns":6.0},{"damage":8.0,"enemies":"Snake Plant","floor":21.0,"turns":3.0},{"damage":11.0,"enemies":"Slavers","floor":24.0,"turns":4.0},{"damage":3.0,"enemies":"Book of Stabbing","floor":27.0,"turns":5.0},{"damage":25.0,"enemies":"Masked Bandits","floor":28.0,"turns":4.0},{"damage":0.0,"enemies":"Sentry and Sphere","floor":29.0,"turns":4.0},{"damage":0.0,"enemies":"3 Cultists","floor":31.0,"turns":2.0},{"damage":14.0,"enemies":"Collector","floor":33.0,"turns":10.0},{"damage":0.0,"enemies":"3 Shapes","floor":35.0,"turns":5.0},{"damage":9.0,"enemies":"3 Darklings","floor":37.0,"turns":3.0},{"damage":0.0,"enemies":"4 Shapes","floor":39.0,"turns":4.0},{"damage":0.0,"enemies":"Giant Head","floor":42.0,"turns":8.0},{"damage":0.0,"enemies":"Nemesis","floor":44.0,"turns":3.0},{"damage":0.0,"enemies":"Giant Head","floor":46.0,"turns":9.0},{"damage":0.0,"enemies":"Writhing Mass","floor":48.0,"turns":5.0},{"damage":2.0,"enemies":"Time Eater","floor":50.0,"turns":18.0},{"damage":32.0,"enemies":"Shield and Spear","floor":54.0,"turns":8.0},{"damage":47,"enemies":"The Heart","floor":55,"turns":9}],"seed_played":"6098927481003976199","potions_obtained":[{"floor":1.0,"key":"ColorlessPotion"},{"floor":2.0,"key":"FairyPotion"},{"floor":8.0,"key":"AttackPotion"},{"floor":12.0,"key":"AttackPotion"},{"floor":13.0,"key":"LiquidBronze"},{"floor":18.0,"key":"LiquidMemories"},{"floor":27.0,"key":"Strength Potion"},{"floor":28.0,"key":"SneckoOil"},{"floor":48.0,"key":"Fruit Juice"}],"is_trial":false,"path_per_floor":["M","M","M","M","$","E","R","E","T","R","?","E","M","M","R","B",null,"M","M","M","M","$","R","E","R","T","E","?","M","R","M","R","B",null,"M","$","M","$","M","?","R","E","T","E","?","E","T","M","R","B",null,"R","$","E","B",null],"character_chosen":"DEFECT","items_purchased":["Runic Capacitor","Heatsinks","Defragment","Ancient Potion","Dexterity Potion"],"campfire_rested":0,"item_purchase_floors":[22,36,38,53,53],"current_hp_per_floor":[66,66,66,66,66,33,33,23,23,23,23,13,15,17,17,19,63,65,67,67,61,61,61,59,59,59,65,49,58,58,60,60,55,72,78,78,69,69,78,78,78,78,78,78,74,74,74,79,79,77,79,79,79,47,2],"gold":69,"neow_bonus":"TEN_PERCENT_HP_BONUS","is_prod":false,"is_daily":false,"chose_seed":false,"campfire_upgraded":9,"win_rate":0,"timestamp":1702160309,"path_taken":["M","M","M","M","$","E","R","E","T","R","?","E","M","M","R","BOSS","M","M","M","M","$","R","E","R","T","E","?","M","R","M","R","BOSS","M","$","M","$","M","?","R","E","T","E","?","E","?","M","R","BOSS","R","$","E","BOSS"],"build_version":"2022-12-18","purchased_purges":4,"victory":true,"max_hp_per_floor":[78,78,78,78,78,78,78,78,78,78,78,78,78,78,78,78,78,78,78,78,78,78,78,78,78,78,78,78,78,78,78,78,78,78,78,78,78,78,78,78,78,78,78,78,74,74,74,79,79,79,79,79,79,79,79],"card_choices":[{"not_picked":["Fusion","Barrage"],"picked":"Rip and Tear","floor":1.0},{"not_picked":["Heatsinks","Redo","Barrage"],"picked":"SKIP","floor":2.0},{"not_picked":["Blizzard","Stack","Turbo"],"picked":"SKIP","floor":3.0},{"not_picked":["Steam","Gash"],"picked":"Undo","floor":4.0},{"not_picked":["Go for the Eyes","Fusion"],"picked":"White Noise","floor":6.0},{"not_picked":["Conserve Battery","Aggregate"],"picked":"Tempest","floor":8.0},{"not_picked":["Heatsinks","White Noise"],"picked":"Hologram","floor":12.0},{"not_picked":["Gash+1","Multi-Cast"],"picked":"Sunder+1","floor":13.0},{"not_picked":["White Noise","Static Discharge"],"picked":"Defragment","floor":14.0},{"not_picked":["Buffer","Reboot"],"picked":"Biased Cognition","floor":16.0},{"not_picked":["Turbo","Stack+1"],"picked":"Reinforced Body","floor":18.0},{"not_picked":["Steam Power","Scrape+1"],"picked":"Go for the Eyes+1","floor":19.0},{"not_picked":["Hologram","Melter+1"],"picked":"Coolheaded","floor":20.0},{"not_picked":["Fusion","Streamline+1","Gash+1"],"picked":"SKIP","floor":21.0},{"not_picked":["Echo Form","Capacitor"],"picked":"Coolheaded","floor":24.0},{"not_picked":["Darkness","Self Repair","Go for the Eyes+1"],"picked":"SKIP","floor":27.0},{"not_picked":["Darkness","Self Repair","Go for the Eyes+1"],"picked":"SKIP","floor":27.0},{"not_picked":["Undo","Gash+1"],"picked":"Capacitor","floor":29.0},{"not_picked":["Steam","Leap+1","Scrape+1"],"picked":"SKIP","floor":29.0},{"not_picked":["Sweeping Beam+1","Redo+1","Recycle"],"picked":"SKIP","floor":31.0},{"not_picked":["Undo","Streamline+1","Stack"],"picked":"SKIP","floor":31.0},{"not_picked":["Creative AI","Seek"],"picked":"Core Surge+1","floor":33.0},{"not_picked":[],"picked":"Coolheaded","floor":35.0},{"not_picked":["Compile Driver+1"],"picked":"SKIP","floor":35.0},{"not_picked":["Beam Cell+1"],"picked":"SKIP","floor":37.0},{"not_picked":["Barrage+1"],"picked":"SKIP","floor":37.0},{"not_picked":["Turbo+1"],"picked":"SKIP","floor":39.0},{"not_picked":["Redo"],"picked":"SKIP","floor":39.0},{"not_picked":["Leap"],"picked":"SKIP","floor":42.0},{"not_picked":[],"picked":"Ball Lightning+1","floor":44.0},{"not_picked":["Meteor Strike+1"],"picked":"SKIP","floor":46.0},{"not_picked":[],"picked":"Loop+1","floor":48.0},{"not_picked":["Beam Cell+1"],"picked":"SKIP","floor":48.0},{"not_picked":["Streamline+1"],"picked":"SKIP","floor":54.0}],"player_experience":948723,"relics_obtained":[{"floor":6.0,"key":"Anchor"},{"floor":8.0,"key":"FossilizedHelix"},{"floor":9.0,"key":"Molten Egg 2"},{"floor":12.0,"key":"Blood Vial"},{"floor":24.0,"key":"Prayer Wheel"},{"floor":27.0,"key":"Tiny Chest"},{"floor":28.0,"key":"Red Mask"},{"floor":42.0,"key":"Whetstone"},{"floor":43.0,"key":"The Courier"},{"floor":44.0,"key":"Juzu Bracelet"},{"floor":46.0,"key":"Ancient Tea Set"},{"floor":47.0,"key":"Bronze Scales"},{"floor":54.0,"key":"Bottled Tornado"}],"event_choices":[{"damage_healed":0.0,"max_hp_gain":0.0,"max_hp_loss":0.0,"gold_gain":0.0,"event_name":"Shining Light","player_choice":"Ignored","floor":11.0,"gold_loss":0.0,"damage_taken":0.0},{"damage_healed":0.0,"max_hp_gain":0.0,"max_hp_loss":0.0,"gold_gain":0.0,"event_name":"Masked Bandits","player_choice":"Fought Bandits","floor":28.0,"gold_loss":0.0,"damage_taken":0.0},{"cards_removed":["Barrage"],"damage_healed":0.0,"max_hp_gain":0.0,"max_hp_loss":0.0,"gold_gain":0.0,"event_name":"Purifier","player_choice":"Purged","floor":40.0,"gold_loss":0.0,"damage_taken":0.0},{"damage_healed":0.0,"max_hp_gain":0.0,"max_hp_loss":4.0,"gold_gain":0.0,"event_name":"Winding Halls","player_choice":"Max HP","floor":45.0,"gold_loss":0.0,"damage_taken":0.0}],"is_beta":false,"boss_relics":[{"not_picked":["Astrolabe","Ectoplasm"],"picked":"Pandora\u0027s Box"},{"not_picked":["Runic Pyramid","Tiny House"],"picked":"Busted Crown"}],"items_purged_floors":[5,22,36,38],"is_endless":false,"potions_floor_spawned":[1,2,8,12,13,14,18,19,21,27,28,48],"ascension_level":16}