{"gold_per_floor":[115,130,1,12,22,22,47,12,38,58,86,86,99,133,133,205,205,216,231,146,146,166,166,8,8,8,8,19,19,51,71,71,147,147,157,157,69,82,39,39,69,80,80,100,100,114,145,145,145,145,145,145,41,41],"floor_reached":54,"playtime":2815,"items_purged":["Strike_B","Strike_B+1"],"score":1317,"play_id":"1d3a919d-8c17-4835-82db-8503baf8ffb9","local_time":"20231213053808","is_ascension_mode":true,"campfire_choices":[{"data":"Doom and Gloom","floor":6,"key":"SMITH"},{"data":"Dualcast","floor":12,"key":"SMITH"},{"floor":15,"key":"REST"},{"data":"Fission","floor":23,"key":"SMITH"},{"floor":25,"key":"REST"},{"floor":29,"key":"REST"},{"floor":32,"key":"REST"},{"floor":40,"key":"REST"},{"data":"Heatsinks","floor":45,"key":"SMITH"},{"floor":49,"key":"RECALL"},{"data":"Consume","floor":52,"key":"SMITH"}],"neow_cost":"NONE","seed_source_timestamp":448413402262600,"circlet_count":0,"master_deck":["AscendersBane","Strike_B+1","Strike_B+1","Defend_B+1","Defend_B+1","Defend_B+1","Defend_B+1","Zap","Dualcast+1","Cold Snap","Auto Shields","Cold Snap","Ball Lightning","Doom and Gloom+1","Heatsinks+1","Glacier","Reboot","Coolheaded","Fission+1","Coolheaded","Skim+1","Fission+1","Auto Shields+1","Loop","Sunder+1","Go for the Eyes+1","Fission","Coolheaded","Redo","Consume+1","Defragment+1","Capacitor","Doubt"],"relics":["Cracked Core","Dream Catcher","Ancient Tea Set","Tiny Chest","Bottled Tornado","Philosopher\u0027s Stone","Akabeko","DollysMirror","Cables","Regal Pillow","Runic Dome","Bag of Preparation","Du-Vu Doll","Smiling Mask"],"potions_floor_usage":[14,16,30,33,42,46,50],"damage_taken":[{"damage":2,"enemies":"Jaw Worm","floor":1,"turns":3},{"damage":2,"enemies":"Small Slimes","floor":2,"turns":3},{"damage":4,"enemies":"2 Louse","floor":4,"turns":3},{"damage":13,"enemies":"Exordium Wildlife","floor":5,"turns":5},{"damage":14,"enemies":"Gremlin Nob","floor":7,"turns":3},{"damage":4,"enemies":"3 Louse","floor":10,"turns":4},{"damage":14,"enemies":"Lagavulin","floor":11,"turns":5},{"damage":6,"enemies":"Blue Slaver","floor":13,"turns":2},{"damage":9,"enemies":"Gremlin Nob","floor":14,"turns":5},{"damage":24,"enemies":"Slime Boss","floor":16,"turns":10},{"damage":11,"enemies":"Chosen","floor":18,"turns":4},{"damage":19,"enemies":"Shell Parasite","floor":19,"turns":8},{"damage":17,"enemies":"Centurion and Healer","floor":22,"turns":6},{"damage":11,"enemies":"Snake Plant","floor":28,"turns":4},{"damage":17,"enemies":"Gremlin Leader","floor":30,"turns":7},{"damage":1,"enemies":"3 Cultists","floor":31,"turns":5},{"damage":55,"enemies":"Collector","floor":33,"turns":12},{"damage":0,"enemies":"Orb Walker","floor":35,"turns":3},{"damage":25,"enemies":"3 Darklings","floor":38,"turns":7},{"damage":18,"enemies":"Nemesis","floor":41,"turns":7},{"damage":16,"enemies":"Transient","floor":42,"turns":6},{"damage":7,"enemies":"Writhing Mass","floor":44,"turns":7},{"damage":0,"enemies":"4 Shapes","floor":46,"turns":4},{"damage":16,"enemies":"Giant Head","floor":47,"turns":10},{"damage":55,"enemies":"Donu and Deca","floor":50,"turns":17},{"damage":73,"enemies":"Shield and Spear","floor":54,"turns":7}],"seed_played":"-5257628602505678511","potions_obtained":[{"floor":5,"key":"EssenceOfSteel"},{"floor":10,"key":"PowerPotion"},{"floor":14,"key":"SteroidPotion"},{"floor":19,"key":"PotionOfCapacity"},{"floor":22,"key":"DuplicationPotion"},{"floor":33,"key":"Strength Potion"},{"floor":38,"key":"GamblersBrew"},{"floor":42,"key":"Explosive Potion"}],"is_trial":false,"path_per_floor":["M","M","$","M","M","R","E","?","T","M","E","R","M","E","R","B",null,"M","M","?","?","M","R","$","R","T","T","M","R","E","M","R","B",null,"M","?","$","M","$","R","E","M","T","M","R","M","E","?","R","B",null,"R","$","E"],"character_chosen":"DEFECT","items_purchased":["Cold Snap","DollysMirror","Consume","Capacitor","BlessingOfTheForge"],"campfire_rested":5,"item_purchase_floors":[3,24,37,39,53],"current_hp_per_floor":[69,67,67,63,50,50,36,55,55,51,37,37,31,22,45,21,64,53,34,34,34,17,17,17,40,40,40,29,52,35,34,72,17,63,63,63,63,38,38,76,58,42,42,35,35,35,19,78,78,23,64,64,64,0],"gold":41,"neow_bonus":"TEN_PERCENT_HP_BONUS","is_prod":false,"is_daily":false,"chose_seed":false,"campfire_upgraded":5,"win_rate":0,"timestamp":1702474688,"path_taken":["M","M","$","M","M","R","E","?","T","M","E","R","M","E","R","BOSS","M","M","?","?","M","R","?","R","T","?","M","R","E","M","R","BOSS","M","?","$","?","$","R","E","M","T","M","R","M","E","?","R","BOSS","R","$","E"],"build_version":"2022-12-18","purchased_purges":2,"victory":false,"max_hp_per_floor":[78,78,78,78,78,78,78,78,78,78,78,78,78,78,78,78,78,78,78,78,78,78,78,78,78,78,78,78,78,78,78,78,78,78,78,78,78,78,78,78,78,78,78,78,78,78,78,78,78,78,78,78,78,78],"card_choices":[{"not_picked":["Storm","Turbo"],"picked":"Cold Snap","floor":1},{"not_picked":["Fusion","Stack"],"picked":"Auto Shields","floor":2},{"not_picked":["Scrape","Sweeping Beam"],"picked":"Ball Lightning","floor":4},{"not_picked":["Auto Shields","Hologram"],"picked":"Doom and Gloom","floor":5},{"not_picked":["Stack","Heatsinks","White Noise"],"picked":"SKIP","floor":7},{"not_picked":["Melter","Chill"],"picked":"Heatsinks","floor":10},{"not_picked":["Barrage","Gash"],"picked":"Glacier","floor":11},{"not_picked":["Double Energy","Rebound"],"picked":"Reboot","floor":13},{"not_picked":["Force Field","Go for the Eyes","Gash"],"picked":"SKIP","floor":14},{"not_picked":["Cold Snap","Hello World"],"picked":"Coolheaded","floor":15},{"not_picked":["Hyperbeam","Meteor Strike"],"picked":"Fission","floor":16},{"not_picked":["Ball Lightning","White Noise"],"picked":"Coolheaded","floor":18},{"not_picked":["Chill","Gash","Genetic Algorithm"],"picked":"SKIP","floor":19},{"not_picked":["White Noise","Stack"],"picked":"Skim+1","floor":22},{"not_picked":["Scrape","Barrage","Rebound"],"picked":"SKIP","floor":28},{"not_picked":["Redo","BootSequence"],"picked":"Auto Shields+1","floor":29},{"not_picked":["Turbo","Rip and Tear"],"picked":"Loop","floor":30},{"not_picked":["Tempest","Fusion"],"picked":"Sunder+1","floor":31},{"not_picked":["Gash","Redo"],"picked":"Go for the Eyes+1","floor":32},{"not_picked":["Meteor Strike","Reboot"],"picked":"Fission","floor":33},{"not_picked":["Streamline","Gash"],"picked":"Coolheaded","floor":35},{"not_picked":["Sunder+1","Beam Cell"],"picked":"Defragment+1","floor":38},{"not_picked":["Static Discharge","Recycle","Sweeping Beam"],"picked":"SKIP","floor":41},{"not_picked":["Hello World","Cold Snap","Compile Driver"],"picked":"SKIP","floor":42},{"not_picked":["Recycle","Rainbow","Lockon"],"picked":"SKIP","floor":44},{"not_picked":["Chaos+1","Ball Lightning","Force Field"],"picked":"SKIP","floor":46},{"not_picked":["Multi-Cast","Streamline","Sweeping Beam"],"picked":"SKIP","floor":47}],"player_experience":980063,"relics_obtained":[{"floor":7,"key":"Dream Catcher"},{"floor":9,"key":"Ancient Tea Set"},{"floor":11,"key":"Tiny Chest"},{"floor":14,"key":"Bottled Tornado"},{"floor":27,"key":"Cables"},{"floor":30,"key":"Regal Pillow"},{"floor":41,"key":"Bag of Preparation"},{"floor":43,"key":"Du-Vu Doll"},{"floor":47,"key":"Smiling Mask"}],"event_choices":[{"damage_healed":19,"gold_gain":0,"player_choice":"Healed","damage_taken":0,"max_hp_gain":0,"max_hp_loss":0,"event_name":"The Cleric","floor":8,"gold_loss":35},{"damage_healed":0,"gold_gain":0,"player_choice":"Obtained Relic","damage_taken":0,"relics_obtained":["Akabeko"],"max_hp_gain":0,"max_hp_loss":0,"event_name":"Addict","floor":20,"gold_loss":85},{"damage_healed":0,"gold_gain":0,"player_choice":"Simplicity","damage_taken":0,"max_hp_gain":0,"max_hp_loss":0,"event_name":"Back to Basics","floor":21,"gold_loss":0,"cards_upgraded":["Strike_B","Strike_B","Strike_B","Defend_B","Defend_B","Defend_B","Defend_B"]},{"damage_healed":0,"gold_gain":0,"player_choice":"1 cards matched","damage_taken":0,"max_hp_gain":0,"max_hp_loss":0,"event_name":"Match and Keep!","floor":36,"gold_loss":0,"cards_obtained":["Redo"]},{"damage_healed":59,"gold_gain":0,"player_choice":"Heal","damage_taken":0,"max_hp_gain":0,"max_hp_loss":0,"event_name":"MindBloom","floor":48,"gold_loss":0,"cards_obtained":["Doubt"]}],"is_beta":false,"boss_relics":[{"not_picked":["Sozu","Calling Bell"],"picked":"Philosopher\u0027s Stone"},{"not_picked":["Empty Cage","Fusion Hammer"],"picked":"Runic Dome"}],"items_purged_floors":[3,53],"is_endless":false,"potions_floor_spawned":[5,10,13,14,19,22,33,38,41,42],"killed_by":"Shield and Spear","ascension_level":17}