{"gold_per_floor":[111,126,145,145,195,195,208,208,235,269,52,68,18,18],"floor_reached":14,"playtime":443,"items_purged":["Strike_B","Strike_B"],"score":167,"play_id":"aa6d5f8d-e87f-4b2d-b557-6b0e3552ee6f","local_time":"20231211211219","is_ascension_mode":true,"campfire_choices":[{"data":"Defragment","floor":6,"key":"SMITH"},{"data":"Beam Cell","floor":8,"key":"SMITH"}],"neow_cost":"TEN_PERCENT_HP_LOSS","seed_source_timestamp":334035796346400,"circlet_count":0,"master_deck":["AscendersBane","Strike_B","Strike_B","Defend_B","Defend_B","Defend_B","Defend_B","Zap","Dualcast","Beam Cell+1","Defragment+1","Capacitor","Rip and Tear","Reboot","Hello World"],"relics":["Cracked Core","WingedGreaves","PreservedInsect","Membership Card"],"potions_floor_usage":[10,14],"damage_taken":[{"damage":2,"enemies":"2 Louse","floor":1,"turns":3},{"damage":3,"enemies":"Small Slimes","floor":2,"turns":3},{"damage":0,"enemies":"Cultist","floor":3,"turns":2},{"damage":4,"enemies":"Red Slaver","floor":7,"turns":3},{"damage":25,"enemies":"Lagavulin","floor":10,"turns":6},{"damage":11,"enemies":"Blue Slaver","floor":12,"turns":3},{"damage":20,"enemies":"Gremlin Nob","floor":14,"turns":2}],"seed_played":"946550817744522002","potions_obtained":[{"floor":3,"key":"Strength Potion"},{"floor":7,"key":"PotionOfCapacity"},{"floor":12,"key":"EssenceOfDarkness"}],"is_trial":false,"path_per_floor":["M","M","M","?","?","R","M","R","T","E","$","M","$","E"],"character_chosen":"DEFECT","items_purchased":["Membership Card","Hello World"],"campfire_rested":0,"item_purchase_floors":[11,11],"current_hp_per_floor":[62,59,59,59,53,53,49,49,49,24,24,13,13,0],"gold":18,"neow_bonus":"ONE_RARE_RELIC","is_prod":false,"is_daily":false,"chose_seed":false,"campfire_upgraded":2,"win_rate":0,"timestamp":1702357939,"path_taken":["M","M","M","?","?","R","M","R","T","E","$","?","?","E"],"build_version":"2022-12-18","purchased_purges":2,"victory":false,"max_hp_per_floor":[64,64,64,64,64,64,64,64,64,64,64,64,64,64],"card_choices":[{"not_picked":["Hologram","Scrape"],"picked":"Beam Cell","floor":1},{"not_picked":["Beam Cell","Steam"],"picked":"Defragment","floor":2},{"not_picked":["Go for the Eyes","Redo"],"picked":"Capacitor","floor":3},{"not_picked":["Aggregate","Barrage"],"picked":"Rip and Tear","floor":7},{"not_picked":["Turbo","Stack"],"picked":"Reboot","floor":10},{"not_picked":["Redo","Blizzard","Sweeping Beam"],"picked":"SKIP","floor":12}],"player_experience":971799,"relics_obtained":[{"floor":10,"key":"PreservedInsect"}],"event_choices":[{"damage_healed":0,"gold_gain":0,"player_choice":"Ignored","damage_taken":0,"max_hp_gain":0,"max_hp_loss":0,"event_name":"Liars Game","floor":4,"gold_loss":0},{"damage_healed":0,"gold_gain":50,"player_choice":"Touch","damage_taken":6,"max_hp_gain":0,"max_hp_loss":0,"event_name":"FaceTrader","floor":5,"gold_loss":0}],"is_beta":false,"boss_relics":[],"items_purged_floors":[11,13],"is_endless":false,"potions_floor_spawned":[3,7,12],"killed_by":"Gremlin Nob","ascension_level":17}