{"gold_per_floor":[116,41,61,32,42,73,73,108,108,126,126,159,170,170,170,247,247,259,259,16,16,32,32,46,56,83,109,9,40,51,83,83,83],"floor_reached":33,"playtime":1408,"items_purged":["Strike_B","Strike_B"],"score":618,"play_id":"337e8050-07ca-4e9a-ab07-df81a2d9c638","local_time":"20231218004606","is_ascension_mode":true,"campfire_choices":[{"data":"Consume","floor":7,"key":"SMITH"},{"floor":11,"key":"REST"},{"data":"Self Repair","floor":15,"key":"SMITH"},{"data":"Electrodynamics","floor":23,"key":"SMITH"},{"data":"Defragment","floor":32,"key":"SMITH"}],"neow_cost":"NONE","seed_source_timestamp":396714120155300,"circlet_count":0,"master_deck":["AscendersBane","Defend_B","Defend_B","Defend_B","Defend_B","Zap","Dualcast","Self Repair+1","Undo","Cold Snap","Gash","Consume+1","Ball Lightning","Cold Snap","Skim","Electrodynamics+1","Undo","Sunder+1","Defragment+1","Loop","Fission"],"relics":["Cracked Core","Nunchaku","Bag of Preparation","Torii","Eternal Feather","Regal Pillow","Coffee Dripper","PreservedInsect","Omamori","Letter Opener","Dead Branch"],"potions_floor_usage":[6,8,16,33,33],"damage_taken":[{"damage":1,"enemies":"Small Slimes","floor":1,"turns":3},{"damage":2,"enemies":"Cultist","floor":3,"turns":4},{"damage":0,"enemies":"2 Louse","floor":5,"turns":4},{"damage":18,"enemies":"Lagavulin","floor":6,"turns":8},{"damage":59,"enemies":"Gremlin Nob","floor":8,"turns":5},{"damage":7,"enemies":"Exordium Wildlife","floor":10,"turns":4},{"damage":21,"enemies":"3 Sentries","floor":12,"turns":8},{"damage":7,"enemies":"3 Louse","floor":13,"turns":5},{"damage":19,"enemies":"The Guardian","floor":16,"turns":14},{"damage":28,"enemies":"Shell Parasite","floor":18,"turns":6},{"damage":0,"enemies":"3 Byrds","floor":22,"turns":2},{"damage":16,"enemies":"Snake Plant","floor":24,"turns":4},{"damage":13,"enemies":"Centurion and Healer","floor":25,"turns":4},{"damage":7,"enemies":"Gremlin Leader","floor":27,"turns":4},{"damage":15,"enemies":"Slavers","floor":29,"turns":3},{"damage":27,"enemies":"Snecko","floor":30,"turns":5},{"damage":23,"enemies":"Gremlin Leader","floor":31,"turns":4},{"damage":42,"enemies":"Automaton","floor":33,"turns":12}],"seed_played":"-6350670253108259930","potions_obtained":[{"floor":1,"key":"Explosive Potion"},{"floor":3,"key":"Strength Potion"},{"floor":12,"key":"Fruit Juice"},{"floor":13,"key":"Energy Potion"},{"floor":22,"key":"Swift Potion"}],"is_trial":false,"path_per_floor":["M","?","M","$","M","E","R","E","T","M","R","E","M","?","R","B",null,"M","?","$","?","M","R","M","M","T","E","$","E","M","E","R","B"],"character_chosen":"DEFECT","items_purchased":["Cold Snap","PreservedInsect"],"campfire_rested":1,"item_purchase_floors":[4,20],"current_hp_per_floor":[63,63,68,68,71,60,60,8,8,8,38,24,24,24,33,29,64,46,46,46,46,56,65,59,56,56,59,59,54,37,24,36,0],"gold":83,"neow_bonus":"RANDOM_COMMON_RELIC","is_prod":false,"is_daily":false,"chose_seed":false,"campfire_upgraded":4,"win_rate":0,"timestamp":1702889166,"path_taken":["M","?","M","$","M","E","R","E","T","M","R","E","M","?","R","BOSS","M","?","$","?","M","R","M","M","T","E","?","E","M","E","R","BOSS"],"build_version":"2022-12-18","purchased_purges":2,"victory":false,"max_hp_per_floor":[71,71,71,71,71,71,71,71,71,71,71,71,71,71,71,76,76,76,76,76,76,76,76,76,76,76,76,76,76,76,76,76,76],"card_choices":[{"not_picked":["Blizzard","Coolheaded"],"picked":"Self Repair","floor":1},{"not_picked":["Conserve Battery","Chaos"],"picked":"Undo","floor":3},{"not_picked":["Barrage","Static Discharge"],"picked":"Gash","floor":5},{"not_picked":["Beam Cell","Sweeping Beam"],"picked":"Consume","floor":6},{"not_picked":["Creative AI","Scrape"],"picked":"Ball Lightning","floor":8},{"not_picked":["Redo","Barrage"],"picked":"Cold Snap","floor":10},{"not_picked":["Streamline","Hello World"],"picked":"Skim","floor":12},{"not_picked":["White Noise","Compile Driver","Streamline"],"picked":"SKIP","floor":13},{"not_picked":["Amplify","Rainbow"],"picked":"Electrodynamics","floor":16},{"not_picked":["Static Discharge","Hologram"],"picked":"Undo","floor":18},{"not_picked":["Steam Power","Steam+1"],"picked":"Sunder+1","floor":22},{"not_picked":["Cold Snap","Steam","Compile Driver"],"picked":"SKIP","floor":24},{"not_picked":["Ball Lightning+1","Darkness","BootSequence"],"picked":"SKIP","floor":25},{"not_picked":["Beam Cell+1","Turbo"],"picked":"Defragment","floor":27},{"not_picked":["Hello World","Recycle","Compile Driver"],"picked":"SKIP","floor":29},{"not_picked":["Barrage","Cold Snap"],"picked":"Loop","floor":30},{"not_picked":["Stack","Undo"],"picked":"Fission","floor":31}],"player_experience":1024213,"relics_obtained":[{"floor":6,"key":"Bag of Preparation"},{"floor":8,"key":"Torii"},{"floor":9,"key":"Eternal Feather"},{"floor":12,"key":"Regal Pillow"},{"floor":27,"key":"Omamori"},{"floor":29,"key":"Letter Opener"},{"floor":31,"key":"Dead Branch"}],"event_choices":[{"cards_removed":["Strike_B"],"damage_healed":0,"gold_gain":0,"player_choice":"Card Removal","damage_taken":0,"max_hp_gain":0,"max_hp_loss":0,"event_name":"The Cleric","floor":2,"gold_loss":75},{"cards_removed":["Strike_B"],"damage_healed":0,"gold_gain":0,"player_choice":"Purged","damage_taken":0,"max_hp_gain":0,"max_hp_loss":0,"event_name":"Purifier","floor":14,"gold_loss":0},{"damage_healed":0,"gold_gain":0,"player_choice":"Ignored","damage_taken":0,"max_hp_gain":0,"max_hp_loss":0,"event_name":"Cursed Tome","floor":19,"gold_loss":0}],"is_beta":false,"boss_relics":[{"not_picked":["Velvet Choker","Calling Bell"],"picked":"Coffee Dripper"}],"items_purged_floors":[20,28],"is_endless":false,"potions_floor_spawned":[1,3,5,12,13,22,25,30],"killed_by":"Automaton","ascension_level":18}