{"gold_per_floor":[114,128,144,157,27,27,39,39,90,124,124,158,173,190,190,269,269,286,201,471,482,33,33,51,51,51,51,81,81],"floor_reached":29,"playtime":1060,"items_purged":["Strike_B","Meteor Strike"],"score":472,"play_id":"28c51eb7-a8db-49e2-a223-85fc72081f53","local_time":"20231211210444","is_ascension_mode":true,"campfire_choices":[{"data":"Ball Lightning","floor":6,"key":"SMITH"},{"data":"Melter","floor":8,"key":"SMITH"},{"data":"Sunder","floor":11,"key":"SMITH"},{"floor":15,"key":"REST"},{"floor":23,"key":"REST"},{"floor":25,"key":"REST"},{"data":"Glacier","floor":27,"key":"SMITH"}],"neow_cost":"NONE","seed_source_timestamp":332961206528800,"circlet_count":0,"master_deck":["AscendersBane","Zap","Dualcast+1","Melter+1","Rebound","Coolheaded","Skim","Ball Lightning+1","Hologram","Sunder+1","Doom and Gloom","Skim","Electrodynamics","Cold Snap","Doom and Gloom","Static Discharge","Streamline","Rainbow","Heatsinks","Glacier+1","Coolheaded+1","Chaos+1","Steam+1"],"relics":["Cracked Core","War Paint","Centennial Puzzle","Symbiotic Virus","Smiling Mask","Pandora\u0027s Box","Ornamental Fan","Toxic Egg 2","Bottled Lightning","InkBottle"],"potions_floor_usage":[10,12,21,28],"damage_taken":[{"damage":0,"enemies":"2 Louse","floor":1,"turns":2},{"damage":0,"enemies":"Cultist","floor":2,"turns":3},{"damage":3,"enemies":"Small Slimes","floor":3,"turns":2},{"damage":20,"enemies":"Exordium Thugs","floor":4,"turns":4},{"damage":2,"enemies":"2 Fungi Beasts","floor":7,"turns":3},{"damage":16,"enemies":"Lagavulin","floor":10,"turns":7},{"damage":8,"enemies":"3 Sentries","floor":12,"turns":3},{"damage":2,"enemies":"Red Slaver","floor":13,"turns":3},{"damage":1,"enemies":"Looter","floor":14,"turns":3},{"damage":7,"enemies":"Slime Boss","floor":16,"turns":6},{"damage":6,"enemies":"3 Byrds","floor":18,"turns":2},{"damage":22,"enemies":"Shell Parasite","floor":21,"turns":4},{"damage":10,"enemies":"3 Cultists","floor":24,"turns":4},{"damage":27,"enemies":"Gremlin Leader","floor":28,"turns":6},{"damage":17,"enemies":"Shelled Parasite and Fungi","floor":29,"turns":1}],"seed_played":"-1517976602394669022","potions_obtained":[{"floor":1,"key":"Explosive Potion"},{"floor":7,"key":"SteroidPotion"},{"floor":12,"key":"Ancient Potion"},{"floor":14,"key":"EssenceOfSteel"},{"floor":24,"key":"PotionOfCapacity"}],"is_trial":false,"path_per_floor":["M","M","M","M","$","R","M","R","T","E","R","E","M","M","R","B",null,"M","?","?","M","$","R","M","R","T","R","E","M"],"character_chosen":"DEFECT","items_purchased":["Ball Lightning","Toxic Egg 2","Coolheaded+1","FocusPotion"],"campfire_rested":3,"item_purchase_floors":[5,22,22,22],"current_hp_per_floor":[64,64,61,41,41,41,39,39,39,23,23,15,13,12,33,26,60,54,54,27,5,5,26,16,37,37,37,10,0],"gold":81,"neow_bonus":"RANDOM_COMMON_RELIC","is_prod":false,"is_daily":false,"chose_seed":false,"campfire_upgraded":4,"win_rate":0,"timestamp":1702357484,"path_taken":["M","M","M","M","$","R","M","R","T","E","R","E","M","M","R","BOSS","M","?","?","?","$","R","M","R","T","R","E","M"],"build_version":"2022-12-18","purchased_purges":2,"victory":false,"max_hp_per_floor":[71,71,71,71,71,71,71,71,71,71,71,71,71,71,71,71,71,71,71,71,71,71,71,71,71,71,71,71,71],"card_choices":[{"not_picked":["Recycle","Barrage"],"picked":"Melter","floor":1},{"not_picked":["Storm","Go for the Eyes"],"picked":"Rebound","floor":2},{"not_picked":["Sweeping Beam","Streamline"],"picked":"Coolheaded","floor":3},{"not_picked":["Genetic Algorithm","Hologram"],"picked":"Skim","floor":4},{"not_picked":["Streamline","BootSequence"],"picked":"Hologram","floor":7},{"not_picked":["Barrage","Glacier"],"picked":"Sunder","floor":10},{"not_picked":["Compile Driver","Stack"],"picked":"Doom and Gloom","floor":12},{"not_picked":["Stack","Sunder"],"picked":"Skim","floor":13},{"not_picked":["Sunder","Gash"],"picked":"Electrodynamics","floor":14},{"not_picked":["Redo","Gash","Rebound"],"picked":"SKIP","floor":18},{"not_picked":["Steam","Undo"],"picked":"Glacier","floor":21},{"not_picked":["Consume+1","Go for the Eyes"],"picked":"Chaos+1","floor":24},{"not_picked":["Glacier+1","Scrape"],"picked":"Steam+1","floor":28}],"player_experience":970739,"relics_obtained":[{"floor":9,"key":"Centennial Puzzle"},{"floor":10,"key":"Symbiotic Virus"},{"floor":12,"key":"Smiling Mask"},{"floor":26,"key":"Bottled Lightning"},{"floor":28,"key":"InkBottle"}],"event_choices":[{"damage_healed":0,"gold_gain":0,"player_choice":"Obtained Relic","damage_taken":0,"relics_obtained":["Ornamental Fan"],"max_hp_gain":0,"max_hp_loss":0,"event_name":"Addict","floor":19,"gold_loss":85},{"damage_healed":0,"gold_gain":270,"player_choice":"GOLD GOLD GOLD ","damage_taken":27,"max_hp_gain":0,"max_hp_loss":0,"event_name":"Knowing Skull","floor":20,"potions_obtained":[],"gold_loss":0,"cards_obtained":[]}],"is_beta":false,"boss_relics":[{"not_picked":["Runic Dome","Tiny House"],"picked":"Pandora\u0027s Box"}],"items_purged_floors":[5,22],"is_endless":false,"potions_floor_spawned":[1,7,12,14,18,24],"killed_by":"Shelled Parasite and Fungi","ascension_level":17}