{"gold_per_floor":[359,31,31,48,65,99,99,118,118,145,162,162,162,196,196,271,271,286,47,64,64,64,64,94,94,94,121,138,238,265,265,265,338,338,350,368,393,409,120,120,140,174,197,210,239,239,266,286,286,286,286,286,12,42,42],"floor_reached":56,"playtime":3094,"items_purged":["Strike_B","Strike_B","Strike_B"],"score":2434,"play_id":"47d8f8cd-c17d-4b5b-86e9-65497caac6b6","local_time":"20231214075829","is_ascension_mode":true,"campfire_choices":[{"data":"Beam Cell","floor":7,"key":"SMITH"},{"data":"Coolheaded","floor":12,"key":"SMITH"},{"data":"Sunder","floor":15,"key":"SMITH"},{"floor":23,"key":"RECALL"},{"floor":25,"key":"REST"},{"floor":32,"key":"DIG"},{"floor":46,"key":"DIG"},{"floor":49,"key":"DIG"},{"floor":52,"key":"DIG"}],"neow_cost":"CURSE","seed_source_timestamp":75340483010300,"circlet_count":0,"master_deck":["AscendersBane","Strike_B","Defend_B","Defend_B","Defend_B","Defend_B","Zap+1","Dualcast","Gash","Apotheosis+1","Gash","Coolheaded+1","Self Repair","Beam Cell+1","Sunder+1","Rebound","Seek","Rebound","Gash","Hyperbeam","Recycle","Hologram","Ghostly","Ghostly","Ghostly+1","Machine Learning+1","Hologram","Gash","Biased Cognition+1","Hologram","Core Surge"],"relics":["Cracked Core","Mercury Hourglass","Cables","Pantograph","Pocketwatch","InkBottle","Fusion Hammer","Frozen Egg 2","Incense Burner","Dream Catcher","Shovel","Mummified Hand","Blood Vial","War Paint","Nuclear Battery","Mango","Oddly Smooth Stone","Meat on the Bone","Lizard Tail","Singing Bowl","Gremlin Horn","Akabeko","Sundial","Bottled Lightning","Happy Flower"],"potions_floor_usage":[14,16,24,27,27,55,55],"damage_taken":[{"damage":10,"enemies":"Small Slimes","floor":1,"turns":3},{"damage":0,"enemies":"Cultist","floor":4,"turns":3},{"damage":0,"enemies":"2 Louse","floor":5,"turns":3},{"damage":40,"enemies":"Gremlin Nob","floor":6,"turns":5},{"damage":0,"enemies":"Large Slime","floor":8,"turns":4},{"damage":17,"enemies":"3 Sentries","floor":10,"turns":6},{"damage":1,"enemies":"3 Louse","floor":11,"turns":2},{"damage":0,"enemies":"Gremlin Nob","floor":14,"turns":2},{"damage":0,"enemies":"Slime Boss","floor":16,"turns":5},{"damage":24,"enemies":"Shell Parasite","floor":18,"turns":3},{"damage":3,"enemies":"Spheric Guardian","floor":20,"turns":3},{"damage":20,"enemies":"Slavers","floor":24,"turns":3},{"damage":31,"enemies":"Book of Stabbing","floor":27,"turns":3},{"damage":16,"enemies":"Snecko","floor":28,"turns":4},{"damage":14,"enemies":"Colosseum Slavers","floor":29,"turns":2},{"damage":15,"enemies":"Colosseum Nobs","floor":29,"turns":3},{"damage":0,"enemies":"Gremlin Leader","floor":30,"turns":4},{"damage":20,"enemies":"Collector","floor":33,"turns":9},{"damage":10,"enemies":"3 Darklings","floor":35,"turns":5},{"damage":14,"enemies":"Orb Walker","floor":36,"turns":2},{"damage":8,"enemies":"Mind Bloom Boss Battle","floor":37,"turns":5},{"damage":0,"enemies":"3 Darklings","floor":38,"turns":4},{"damage":1,"enemies":"Transient","floor":41,"turns":6},{"damage":0,"enemies":"Nemesis","floor":42,"turns":5},{"damage":0,"enemies":"Spire Growth","floor":44,"turns":4},{"damage":13,"enemies":"Reptomancer","floor":45,"turns":5},{"damage":3,"enemies":"Nemesis","floor":47,"turns":5},{"damage":29,"enemies":"Maw","floor":48,"turns":6},{"damage":32,"enemies":"Donu and Deca","floor":50,"turns":9},{"damage":7,"enemies":"Shield and Spear","floor":54,"turns":6},{"damage":54,"enemies":"The Heart","floor":55,"turns":10}],"seed_played":"-2463362636743610899","potions_obtained":[{"floor":5,"key":"SteroidPotion"},{"floor":10,"key":"Explosive Potion"},{"floor":11,"key":"EssenceOfDarkness"},{"floor":16,"key":"SteroidPotion"},{"floor":20,"key":"SteroidPotion"},{"floor":24,"key":"AttackPotion"},{"floor":29,"key":"Explosive Potion"},{"floor":33,"key":"Block Potion"},{"floor":36,"key":"PowerPotion"}],"is_trial":false,"path_per_floor":["M","$","?","M","M","E","R","M","T","E","M","R","?","E","R","B",null,"M","$","M","?","?","R","E","R","T","E","M","?","E","?","R","B",null,"M","M","?","M","$","?","M","E","T","M","E","R","E","M","R","B",null,"R","$","E","B",null],"character_chosen":"DEFECT","items_purchased":["Apotheosis","Gash","Gash","Hyperbeam","Oddly Smooth Stone","Bottled Lightning"],"campfire_rested":1,"item_purchase_floors":[2,2,19,19,39,53],"current_hp_per_floor":[54,54,54,54,54,24,24,34,34,24,30,30,25,25,25,57,68,51,51,58,58,58,58,48,69,69,48,39,30,40,35,35,25,33,25,23,48,49,49,49,49,49,49,49,46,46,49,44,44,41,49,49,49,44,44],"gold":42,"neow_bonus":"TWO_FIFTY_GOLD","is_prod":false,"is_daily":false,"chose_seed":false,"campfire_upgraded":3,"win_rate":0,"timestamp":1702569509,"path_taken":["M","$","?","M","?","E","R","M","T","E","M","R","?","E","R","BOSS","M","$","M","?","?","R","E","R","T","E","M","?","E","?","R","BOSS","M","M","?","M","$","?","M","E","T","M","E","R","E","M","R","BOSS","R","$","E","BOSS"],"build_version":"2022-12-18","purchased_purges":3,"victory":true,"max_hp_per_floor":[71,71,71,71,71,71,71,71,71,71,71,71,71,71,71,71,71,71,71,71,71,71,71,71,71,71,71,71,71,71,35,35,35,35,35,35,49,49,49,49,49,49,49,49,49,49,49,51,51,51,51,51,51,51,51],"card_choices":[{"not_picked":["Conserve Battery","Hologram"],"picked":"Gash","floor":1},{"not_picked":["Double Energy","Barrage"],"picked":"Coolheaded","floor":4},{"not_picked":["Coolheaded","Sweeping Beam"],"picked":"Self Repair","floor":5},{"not_picked":["Undo","Blizzard"],"picked":"Beam Cell","floor":6},{"not_picked":["Biased Cognition","Steam"],"picked":"Sunder","floor":8},{"not_picked":["Stack","Lockon"],"picked":"Rebound","floor":10},{"not_picked":["Steam","Heatsinks","Redo"],"picked":"SKIP","floor":11},{"not_picked":["Compile Driver","Blizzard","Fusion"],"picked":"SKIP","floor":14},{"not_picked":["Machine Learning","Echo Form"],"picked":"Seek","floor":16},{"not_picked":["Leap","Ball Lightning"],"picked":"Rebound","floor":18},{"not_picked":["Sunder","Turbo","Steam"],"picked":"SKIP","floor":20},{"not_picked":["Darkness","Storm+1"],"picked":"Recycle","floor":24},{"not_picked":["Beam Cell+1","Storm+1","Recycle+1"],"picked":"SKIP","floor":27},{"not_picked":["Steam","Streamline","Sunder"],"picked":"SKIP","floor":28},{"not_picked":["Static Discharge+1","Rebound"],"picked":"Hologram","floor":29},{"not_picked":["Static Discharge+1","Scrape","Cold Snap+1"],"picked":"SKIP","floor":30},{"not_picked":["Reboot","Hyperbeam"],"picked":"Machine Learning+1","floor":33},{"not_picked":["Sweeping Beam","Rebound"],"picked":"Hologram","floor":35},{"not_picked":["Lockon+1","Stack","Doom and Gloom"],"picked":"SKIP","floor":36},{"not_picked":["Conserve Battery","Steam","Redo"],"picked":"SKIP","floor":38},{"not_picked":["Sweeping Beam+1","Scrape","Melter+1"],"picked":"SKIP","floor":41},{"not_picked":["White Noise","Hello World+1","Rip and Tear+1"],"picked":"SKIP","floor":42},{"not_picked":["Auto Shields","Sweeping Beam"],"picked":"Gash","floor":44},{"not_picked":["Conserve Battery","Defragment+1"],"picked":"Biased Cognition+1","floor":45},{"not_picked":["Barrage","Beam Cell+1"],"picked":"Hologram","floor":47},{"not_picked":["Go for the Eyes","Stack+1","Leap"],"picked":"Singing Bowl","floor":48},{"not_picked":["Conserve Battery","Storm+1"],"picked":"Core Surge","floor":54}],"player_experience":988222,"relics_obtained":[{"floor":6,"key":"Mercury Hourglass"},{"floor":9,"key":"Cables"},{"floor":10,"key":"Pantograph"},{"floor":14,"key":"InkBottle"},{"floor":24,"key":"Frozen Egg 2"},{"floor":26,"key":"Incense Burner"},{"floor":27,"key":"Dream Catcher"},{"floor":29,"key":"Shovel"},{"floor":29,"key":"Mummified Hand"},{"floor":30,"key":"Blood Vial"},{"floor":32,"key":"War Paint"},{"floor":37,"key":"Mango"},{"floor":42,"key":"Meat on the Bone"},{"floor":45,"key":"Lizard Tail"},{"floor":46,"key":"Singing Bowl"},{"floor":47,"key":"Gremlin Horn"},{"floor":49,"key":"Akabeko"},{"floor":52,"key":"Sundial"},{"floor":54,"key":"Happy Flower"}],"event_choices":[{"damage_healed":0,"gold_gain":0,"player_choice":"Forge","damage_taken":0,"max_hp_gain":0,"max_hp_loss":0,"event_name":"Accursed Blacksmith","floor":3,"gold_loss":0,"cards_upgraded":["Apotheosis"]},{"damage_healed":0,"gold_gain":0,"player_choice":"Success","damage_taken":5,"relics_obtained":["Pocketwatch"],"max_hp_gain":0,"max_hp_loss":0,"event_name":"Scrap Ooze","floor":13,"gold_loss":0},{"cards_removed":["Clumsy"],"damage_healed":0,"gold_gain":0,"player_choice":"Elegance","damage_taken":0,"max_hp_gain":0,"max_hp_loss":0,"event_name":"Back to Basics","floor":21,"gold_loss":0},{"damage_healed":0,"gold_gain":0,"player_choice":"Ignored","damage_taken":0,"max_hp_gain":0,"max_hp_loss":0,"event_name":"Vampires","floor":22,"gold_loss":0},{"damage_healed":0,"gold_gain":0,"player_choice":"Fight","damage_taken":0,"max_hp_gain":0,"max_hp_loss":0,"event_name":"Colosseum","floor":29,"gold_loss":0},{"damage_healed":0,"gold_gain":0,"player_choice":"Fought Nobs","damage_taken":0,"max_hp_gain":0,"max_hp_loss":0,"event_name":"Colosseum","floor":29,"gold_loss":0},{"damage_healed":0,"gold_gain":0,"player_choice":"Became a Ghost","damage_taken":0,"max_hp_gain":0,"max_hp_loss":36,"event_name":"Ghosts","floor":31,"gold_loss":0,"cards_obtained":["Ghostly","Ghostly","Ghostly"]},{"damage_healed":0,"gold_gain":0,"player_choice":"Fight","damage_taken":0,"max_hp_gain":0,"max_hp_loss":0,"event_name":"MindBloom","floor":37,"gold_loss":0},{"damage_healed":0,"gold_gain":0,"player_choice":"Ignored","damage_taken":0,"max_hp_gain":0,"max_hp_loss":0,"event_name":"Tomb of Lord Red Mask","floor":40,"gold_loss":0}],"is_beta":false,"boss_relics":[{"not_picked":["Coffee Dripper","Runic Pyramid"],"picked":"Fusion Hammer"},{"not_picked":["Busted Crown","Philosopher\u0027s Stone"],"picked":"Nuclear Battery"}],"items_purged_floors":[2,19,39],"is_endless":false,"potions_floor_spawned":[5,10,11,16,20,24,29,33,36,42,44,45,47,48],"ascension_level":17}