{"gold_per_floor":[109,122,132,29,104,104,137,137,137,157,207,219,254,270,270,349,349,368,397,409,409,428,428,439,439,439,364,391,33,66,66,66,145,145,158,158,176,398,416,416,441,441,441,475,475,485,501,531,531,531,531,531,20,20],"floor_reached":54,"playtime":2750,"items_purged":["Strike_B","Defend_B","Defend_B"],"score":1505,"play_id":"828e4532-312a-499c-a44d-0c5b905df675","local_time":"20231213070530","is_ascension_mode":true,"campfire_choices":[{"data":"Sweeping Beam","floor":6.0,"key":"SMITH"},{"floor":8.0,"key":"REST"},{"floor":15.0,"key":"REST"},{"data":"Biased Cognition","floor":23,"key":"SMITH"},{"floor":25,"key":"REST"},{"floor":32,"key":"REST"},{"data":"Aggregate","floor":40,"key":"SMITH"},{"data":"Seek","floor":42,"key":"SMITH"},{"floor":49,"key":"RECALL"},{"data":"Loop","floor":52,"key":"SMITH"}],"neow_cost":"PERCENT_DAMAGE","seed_source_timestamp":453683201166700,"circlet_count":0,"master_deck":["AscendersBane","Defend_B","Defend_B","Zap","Dualcast","Ball Lightning","Steam","Sweeping Beam+1","Ball Lightning","Biased Cognition+1","Ball Lightning","Skim","Lockon","Steam","Seek+1","Aggregate+1","Glacier","Undo","Seek","Skim","Double Energy","Core Surge","Coolheaded","Skim+1","Self Repair","PanicButton","Buffer","Turbo+1","Loop+1"],"special_seed":0,"relics":["FrozenCore","Ice Cream","White Beast Statue","Vajra","Nuclear Battery","Red Mask","Question Card","Ancient Tea Set","Potion Belt","Regal Pillow","Kunai","Strawberry","Nunchaku","ClockworkSouvenir","Centennial Puzzle"],"potions_floor_usage":[22,30,33,33,41,41,41,44,47,48,50,50],"damage_taken":[{"damage":0.0,"enemies":"2 Louse","floor":1.0,"turns":2.0},{"damage":6.0,"enemies":"Cultist","floor":2.0,"turns":3.0},{"damage":2.0,"enemies":"Small Slimes","floor":3.0,"turns":4.0},{"damage":20.0,"enemies":"3 Sentries","floor":7.0,"turns":5.0},{"damage":3.0,"enemies":"Blue Slaver","floor":10.0,"turns":3.0},{"damage":6.0,"enemies":"Looter","floor":12.0,"turns":3.0},{"damage":1.0,"enemies":"Gremlin Nob","floor":13.0,"turns":3.0},{"damage":5.0,"enemies":"2 Fungi Beasts","floor":14.0,"turns":3.0},{"damage":13.0,"enemies":"The Guardian","floor":16.0,"turns":8.0},{"damage":0.0,"enemies":"3 Byrds","floor":18.0,"turns":3.0},{"damage":26.0,"enemies":"Masked Bandits","floor":19.0,"turns":3.0},{"damage":1.0,"enemies":"Chosen","floor":20.0,"turns":3.0},{"damage":0,"enemies":"Centurion and Healer","floor":22,"turns":3},{"damage":8,"enemies":"Snake Plant","floor":24,"turns":3},{"damage":26,"enemies":"Book of Stabbing","floor":28,"turns":4},{"damage":6,"enemies":"Slavers","floor":30,"turns":4},{"damage":19,"enemies":"Champ","floor":33,"turns":8},{"damage":7,"enemies":"3 Shapes","floor":35,"turns":4},{"damage":0,"enemies":"3 Darklings","floor":37,"turns":3},{"damage":0,"enemies":"Sphere and 2 Shapes","floor":39,"turns":4},{"damage":20,"enemies":"Giant Head","floor":41,"turns":6},{"damage":3,"enemies":"Nemesis","floor":44,"turns":7},{"damage":0,"enemies":"Spire Growth","floor":46,"turns":4},{"damage":5,"enemies":"Jaw Worm Horde","floor":47,"turns":5},{"damage":0,"enemies":"Reptomancer","floor":48,"turns":6},{"damage":13,"enemies":"Donu and Deca","floor":50,"turns":13},{"damage":69,"enemies":"Shield and Spear","floor":54,"turns":8}],"seed_played":"4551804237624800117","potions_obtained":[{"floor":3.0,"key":"Weak Potion"},{"floor":10.0,"key":"Explosive Potion"},{"floor":13.0,"key":"DuplicationPotion"},{"floor":14.0,"key":"PotionOfCapacity"},{"floor":16.0,"key":"Ancient Potion"},{"floor":22,"key":"Fire Potion"},{"floor":28,"key":"Block Potion"},{"floor":30,"key":"EssenceOfDarkness"},{"floor":33,"key":"FearPotion"},{"floor":35,"key":"Ancient Potion"},{"floor":37,"key":"Explosive Potion"},{"floor":39,"key":"AttackPotion"},{"floor":41,"key":"LiquidMemories"},{"floor":44,"key":"LiquidBronze"},{"floor":46,"key":"DistilledChaos"},{"floor":47,"key":"Block Potion"},{"floor":48,"key":"SneckoOil"}],"is_trial":false,"path_per_floor":["M","M","M","$","?","R","E","R","T","M","?","M","E","M","R","B",null,"M","?","M","?","M","R","M","R","T","?","E","$","E","?","R","B",null,"M","?","M","?","M","R","E","R","T","E","?","M","M","E","R","B",null,"R","$","E"],"character_chosen":"DEFECT","items_purchased":["Ball Lightning","Potion Belt","Skim","ClockworkSouvenir","Centennial Puzzle","Energy Potion"],"campfire_rested":4,"item_purchase_floors":[4,29,29,53,53,53],"current_hp_per_floor":[46,40,38,38,27,27,7,28,28,25,18,12,11,6,27,14,57,57,31,30,30,30,30,22,43,43,43,17,17,11,11,47,28,60,53,53,53,53,53,53,33,33,33,44,44,51,53,60,60,54,69,69,69,0],"gold":20,"neow_bonus":"REMOVE_TWO","is_prod":false,"is_daily":false,"chose_seed":false,"campfire_upgraded":5,"win_rate":0,"timestamp":1702479930,"path_taken":["M","M","M","$","?","R","E","R","T","M","?","?","E","M","R","BOSS","M","?","M","?","M","R","M","R","T","?","E","$","E","?","R","BOSS","M","?","M","?","M","R","E","R","T","E","?","M","M","E","R","BOSS","R","$","E"],"build_version":"2022-12-18","purchased_purges":3,"victory":false,"max_hp_per_floor":[71,71,71,71,71,71,71,71,71,71,71,71,71,71,71,71,71,71,71,71,71,71,71,71,71,71,71,71,71,71,71,71,71,71,71,67,67,67,67,67,67,67,67,74,74,74,74,74,74,74,74,74,74,74],"card_choices":[{"not_picked":["Leap","Force Field"],"picked":"Ball Lightning","floor":1.0},{"not_picked":["Barrage","Tempest"],"picked":"Steam","floor":2.0},{"not_picked":["Chaos","Turbo"],"picked":"Sweeping Beam","floor":3.0},{"not_picked":["Redo","Leap"],"picked":"Biased Cognition","floor":7.0},{"not_picked":["Gash","Force Field"],"picked":"Ball Lightning","floor":10.0},{"not_picked":["Double Energy","Loop"],"picked":"Skim","floor":12.0},{"not_picked":["Redo","Beam Cell"],"picked":"Lockon","floor":13.0},{"not_picked":["Ball Lightning","Barrage"],"picked":"Steam","floor":14.0},{"not_picked":["Meteor Strike","Machine Learning"],"picked":"Seek","floor":16.0},{"not_picked":["Cold Snap+1","Compile Driver"],"picked":"Aggregate","floor":18.0},{"not_picked":["Cold Snap","Chill","Steam"],"picked":"SKIP","floor":20.0},{"not_picked":["Leap","Double Energy"],"picked":"Glacier","floor":22},{"not_picked":["Compile Driver","Go for the Eyes"],"picked":"Undo","floor":24},{"not_picked":["Stack","Compile Driver","Sunder"],"picked":"Seek","floor":28},{"not_picked":["Steam+1","Glacier","Sweeping Beam"],"picked":"Double Energy","floor":30},{"not_picked":["Thunder Strike","Reboot","All For One"],"picked":"Core Surge","floor":33},{"not_picked":["Streamline","Leap","Stack"],"picked":"Coolheaded","floor":35},{"not_picked":["Barrage","Double Energy","Lockon","Sweeping Beam"],"picked":"SKIP","floor":37},{"not_picked":["Multi-Cast","Stack","Streamline"],"picked":"Skim+1","floor":39},{"not_picked":["Beam Cell","Gash","Ball Lightning"],"picked":"Self Repair","floor":41},{"not_picked":["Go for the Eyes","Melter","Scrape","Self Repair"],"picked":"SKIP","floor":44},{"not_picked":["Jack Of All Trades","Purity","Good Instincts"],"picked":"PanicButton","floor":45},{"not_picked":["Barrage","Chill","Doom and Gloom"],"picked":"Buffer","floor":46},{"not_picked":["Go for the Eyes","Melter+1","Rebound"],"picked":"Turbo+1","floor":47},{"not_picked":["Scrape","Sweeping Beam","Hologram+1"],"picked":"Loop","floor":48}],"player_experience":982878,"relics_obtained":[{"floor":7.0,"key":"Ice Cream"},{"floor":9.0,"key":"White Beast Statue"},{"floor":13.0,"key":"Vajra"},{"floor":19.0,"key":"Red Mask"},{"floor":26,"key":"Question Card"},{"floor":28,"key":"Ancient Tea Set"},{"floor":30,"key":"Regal Pillow"},{"floor":41,"key":"Kunai"},{"floor":44,"key":"Strawberry"},{"floor":48,"key":"Nunchaku"}],"event_choices":[{"damage_healed":0.0,"max_hp_gain":0.0,"max_hp_loss":0.0,"gold_gain":75.0,"event_name":"World of Goop","player_choice":"Gather Gold","floor":5.0,"gold_loss":0.0,"damage_taken":11.0},{"damage_healed":0.0,"max_hp_gain":0.0,"max_hp_loss":0.0,"gold_gain":50.0,"event_name":"FaceTrader","player_choice":"Touch","floor":11.0,"gold_loss":0.0,"damage_taken":7.0},{"damage_healed":0.0,"max_hp_gain":0.0,"max_hp_loss":0.0,"gold_gain":0.0,"event_name":"Masked Bandits","player_choice":"Fought Bandits","floor":19.0,"gold_loss":0.0,"damage_taken":0.0},{"damage_healed":0,"gold_gain":0,"player_choice":"Ignored","damage_taken":0,"max_hp_gain":0,"max_hp_loss":0,"event_name":"Vampires","floor":21,"gold_loss":0},{"cards_removed":["Strike_B"],"damage_healed":0,"gold_gain":0,"player_choice":"Gave Gold","damage_taken":0,"max_hp_gain":0,"max_hp_loss":0,"event_name":"Beggar","floor":27,"gold_loss":75},{"damage_healed":0,"gold_gain":0,"player_choice":"Ignored","damage_taken":0,"max_hp_gain":0,"max_hp_loss":0,"event_name":"The Mausoleum","floor":31,"gold_loss":0},{"damage_healed":0,"gold_gain":0,"player_choice":"Max HP","damage_taken":0,"max_hp_gain":0,"max_hp_loss":4,"event_name":"Winding Halls","floor":36,"gold_loss":0},{"damage_healed":0,"gold_gain":222,"player_choice":"Wore Mask","damage_taken":0,"max_hp_gain":0,"max_hp_loss":0,"event_name":"Tomb of Lord Red Mask","floor":38,"gold_loss":0},{"damage_healed":0,"gold_gain":0,"player_choice":"Memory 1","damage_taken":0,"max_hp_gain":0,"max_hp_loss":0,"event_name":"SensoryStone","floor":45,"gold_loss":0}],"is_beta":false,"boss_relics":[{"not_picked":["Astrolabe","Inserter"],"picked":"Nuclear Battery"},{"not_picked":["Black Star","Coffee Dripper"],"picked":"FrozenCore"}],"items_purged_floors":[4,29,53],"is_endless":false,"potions_floor_spawned":[3,10,12,13,14,16,18,19,20,22,24,28,30,33,35,37,39,41,44,46,47,48],"killed_by":"Shield and Spear","ascension_level":17}