{"gold_per_floor":[119,132,20,39,39,39,50,50,73,73,105,120,120],"floor_reached":13,"playtime":354,"items_purged":["Strike_B"],"score":153,"play_id":"bab6f196-0ea3-45bf-800f-745ca1bf56d5","local_time":"20231209020203","is_ascension_mode":true,"campfire_choices":[{"data":"Rip and Tear","floor":6,"key":"SMITH"},{"data":"Go for the Eyes","floor":8,"key":"SMITH"}],"neow_cost":"TEN_PERCENT_HP_LOSS","seed_source_timestamp":92290960816200,"circlet_count":0,"master_deck":["AscendersBane","Strike_B","Defend_B","Defend_B","Defend_B","Defend_B","Zap","Dualcast","Storm","Conserve Battery","Gash","Rip and Tear+1","Go for the Eyes+1","Aggregate","Sweeping Beam"],"relics":["Cracked Core","Vajra","Anchor","Regal Pillow"],"potions_floor_usage":[13,13],"damage_taken":[{"damage":0,"enemies":"Small Slimes","floor":1,"turns":3},{"damage":0,"enemies":"Cultist","floor":2,"turns":3},{"damage":0,"enemies":"Jaw Worm","floor":4,"turns":3},{"damage":3,"enemies":"Blue Slaver","floor":7,"turns":3},{"damage":19,"enemies":"Gremlin Nob","floor":11,"turns":4},{"damage":0,"enemies":"Looter","floor":12,"turns":2},{"damage":20,"enemies":"3 Sentries","floor":13,"turns":4}],"seed_played":"-2197475696037720184","potions_obtained":[{"floor":5,"key":"LiquidBronze"},{"floor":5,"key":"PotionOfCapacity"},{"floor":11,"key":"Swift Potion"},{"floor":12,"key":"Fire Potion"}],"is_trial":false,"path_per_floor":["M","M","$","M","?","R","M","R","T","?","E","M","E"],"character_chosen":"DEFECT","items_purchased":["Rip and Tear"],"campfire_rested":0,"item_purchase_floors":[3],"current_hp_per_floor":[64,64,64,64,64,64,61,61,61,35,16,16,0],"gold":120,"neow_bonus":"TRANSFORM_TWO_CARDS","is_prod":false,"is_daily":false,"chose_seed":false,"campfire_upgraded":2,"win_rate":0,"timestamp":1702116123,"path_taken":["M","M","$","M","?","R","?","R","T","?","E","M","E"],"build_version":"2022-12-18","purchased_purges":1,"victory":false,"max_hp_per_floor":[64,64,64,64,64,64,64,64,64,64,64,64,64],"card_choices":[{"not_picked":["Barrage","Beam Cell"],"picked":"Gash","floor":1},{"not_picked":["Turbo","Steam Power","Redo"],"picked":"SKIP","floor":2},{"not_picked":["Barrage","Double Energy"],"picked":"Go for the Eyes","floor":4},{"not_picked":["Multi-Cast","Go for the Eyes"],"picked":"Aggregate","floor":7},{"not_picked":["Turbo","Leap"],"picked":"Sweeping Beam","floor":11},{"not_picked":["Stack","Streamline","Sweeping Beam"],"picked":"SKIP","floor":12}],"player_experience":948369,"relics_obtained":[{"floor":9,"key":"Vajra"},{"floor":11,"key":"Regal Pillow"}],"event_choices":[{"damage_healed":0,"gold_gain":0,"player_choice":"Got Potions","damage_taken":0,"max_hp_gain":0,"max_hp_loss":0,"event_name":"Lab","floor":5,"gold_loss":0},{"damage_healed":0,"gold_gain":0,"player_choice":"Success","damage_taken":26,"relics_obtained":["Anchor"],"max_hp_gain":0,"max_hp_loss":0,"event_name":"Scrap Ooze","floor":10,"gold_loss":0}],"is_beta":false,"boss_relics":[],"items_purged_floors":[3],"is_endless":false,"potions_floor_spawned":[11,12],"killed_by":"3 Sentries","ascension_level":16}