{"gold_per_floor":[110,126,139,139,156,156,166,193,193,193,212,231,7,32,32,107,107,123,136,136],"floor_reached":20,"playtime":694,"items_purged":["Strike_B"],"score":357,"play_id":"b7b20377-f902-4717-96a7-ed9fd0585619","local_time":"20231218011645","is_ascension_mode":true,"campfire_choices":[{"data":"Ball Lightning","floor":6,"key":"SMITH"},{"data":"Ball Lightning","floor":10,"key":"SMITH"},{"data":"Defragment","floor":15,"key":"SMITH"}],"neow_cost":"NONE","seed_source_timestamp":399264361998300,"circlet_count":0,"master_deck":["AscendersBane","Zap","Dualcast+1","Ball Lightning+1","Ball Lightning+1","Cold Snap","Self Repair","Capacitor","Rebound","Defragment+1","Lockon","Core Surge","Hyperbeam","BootSequence","Tempest","Self Repair","Loop","Blizzard","Rip and Tear","BootSequence","Steam"],"relics":["Cracked Core","Centennial Puzzle","Smiling Mask","Pandora\u0027s Box"],"potions_floor_usage":[8,8,16,20],"damage_taken":[{"damage":1,"enemies":"Cultist","floor":1,"turns":3},{"damage":4,"enemies":"2 Louse","floor":2,"turns":2},{"damage":7,"enemies":"Jaw Worm","floor":3,"turns":2},{"damage":2,"enemies":"Red Slaver","floor":5,"turns":3},{"damage":1,"enemies":"2 Fungi Beasts","floor":7,"turns":2},{"damage":21,"enemies":"Lagavulin","floor":8,"turns":4},{"damage":2,"enemies":"Looter","floor":11,"turns":3},{"damage":3,"enemies":"3 Louse","floor":12,"turns":2},{"damage":7,"enemies":"Gremlin Nob","floor":14,"turns":3},{"damage":27,"enemies":"Hexaghost","floor":16,"turns":7},{"damage":41,"enemies":"3 Byrds","floor":18,"turns":4},{"damage":22,"enemies":"Spheric Guardian","floor":19,"turns":4},{"damage":35,"enemies":"Shelled Parasite and Fungi","floor":20,"turns":3}],"seed_played":"-5484693466429744568","potions_obtained":[{"floor":1,"key":"BlessingOfTheForge"},{"floor":3,"key":"SpeedPotion"},{"floor":5,"key":"FearPotion"},{"floor":11,"key":"Explosive Potion"},{"floor":14,"key":"AttackPotion"},{"floor":16,"key":"Fruit Juice"}],"is_trial":false,"path_per_floor":["M","M","M","?","M","R","M","E","T","R","M","M","$","E","R","B",null,"M","M","M"],"character_chosen":"DEFECT","items_purchased":["Defragment","Lockon"],"campfire_rested":0,"item_purchase_floors":[13,13],"current_hp_per_floor":[70,66,59,59,57,57,56,42,42,42,47,44,44,44,44,29,70,43,35,0],"gold":136,"neow_bonus":"TEN_PERCENT_HP_BONUS","is_prod":false,"is_daily":false,"chose_seed":false,"campfire_upgraded":3,"win_rate":0,"timestamp":1702891005,"path_taken":["M","M","M","?","M","R","M","E","T","R","M","M","$","E","R","BOSS","M","?","?"],"build_version":"2022-12-18","purchased_purges":1,"victory":false,"max_hp_per_floor":[78,78,78,78,78,78,78,78,78,78,78,78,78,78,78,83,83,83,83,83],"card_choices":[{"not_picked":["Go for the Eyes","Conserve Battery"],"picked":"Ball Lightning","floor":1},{"not_picked":["Heatsinks","Static Discharge"],"picked":"Ball Lightning","floor":2},{"not_picked":["Go for the Eyes","Rip and Tear"],"picked":"Cold Snap","floor":3},{"not_picked":["White Noise","Redo"],"picked":"Self Repair","floor":5},{"not_picked":["Redo","Barrage"],"picked":"Capacitor","floor":7},{"not_picked":["Leap","Creative AI"],"picked":"Rebound","floor":8},{"not_picked":["Conserve Battery","White Noise","Capacitor"],"picked":"SKIP","floor":11},{"not_picked":["Conserve Battery","Rebound","Ball Lightning"],"picked":"SKIP","floor":12},{"not_picked":["Stack","Turbo","Sweeping Beam"],"picked":"SKIP","floor":14},{"not_picked":["Machine Learning","All For One"],"picked":"Core Surge","floor":16},{"not_picked":["White Noise","Cold Snap"],"picked":"BootSequence","floor":18},{"not_picked":["Barrage","Static Discharge"],"picked":"Steam","floor":19}],"player_experience":1025895,"relics_obtained":[{"floor":8,"key":"Centennial Puzzle"},{"floor":14,"key":"Smiling Mask"}],"event_choices":[{"damage_healed":0,"gold_gain":0,"player_choice":"Upgraded","damage_taken":0,"max_hp_gain":0,"max_hp_loss":0,"event_name":"Upgrade Shrine","floor":4,"gold_loss":0,"cards_upgraded":["Dualcast"]}],"is_beta":false,"boss_relics":[{"not_picked":["SlaversCollar","SacredBark"],"picked":"Pandora\u0027s Box"}],"items_purged_floors":[13],"is_endless":false,"potions_floor_spawned":[1,3,5,11,14,16],"killed_by":"Shelled Parasite and Fungi","ascension_level":18}