{"gold_per_floor":[111,127,52,65,82,82,110,110,184,184,209,223,239,254,254,329,329,340,4,4,4,4,4,39,68,68,68,81,81,100,113,113,190,190,202,218,218,38,53,53,88,310,310,310,363,363],"floor_reached":46,"playtime":2205,"items_purged":["Strike_B","Strike_B"],"score":884,"play_id":"2ddaa43f-c72c-45f8-93df-927919d00480","local_time":"20231211214915","is_ascension_mode":true,"campfire_choices":[{"data":"Compile Driver","floor":6,"key":"SMITH"},{"data":"Dualcast","floor":8,"key":"SMITH"},{"data":"Self Repair","floor":10,"key":"SMITH"},{"data":"Static Discharge","floor":15,"key":"SMITH"},{"data":"Fission","floor":23,"key":"SMITH"},{"data":"Sunder","floor":27,"key":"SMITH"},{"data":"Defragment","floor":29,"key":"SMITH"},{"data":"Lockon","floor":32,"key":"SMITH"},{"data":"Defragment","floor":40,"key":"SMITH"},{"floor":44,"key":"REST"}],"neow_cost":"NONE","seed_source_timestamp":334486804019800,"circlet_count":0,"master_deck":["AscendersBane","Defend_B","Defend_B","Defend_B","Defend_B","Zap","Dualcast+1","Glacier","Compile Driver+1","Static Discharge+1","Undo","Self Repair+1","Sunder+1","Beam Cell","Lockon+1","Fission+1","Scrape","Sweeping Beam","Skim","Defragment+1","Ball Lightning","Reboot+1","Electrodynamics","Chill+1","Defragment+1","Impatience+1","Blind+1","Defragment","Core Surge"],"relics":["Cracked Core","Du-Vu Doll","HornCleat","Blood Vial","Philosopher\u0027s Stone","Calipers","Toxic Egg 2","Red Mask","White Beast Statue","SlaversCollar","Pocketwatch","Girya"],"potions_floor_usage":[7,16,33,33,41,45],"damage_taken":[{"damage":7,"enemies":"Small Slimes","floor":1,"turns":4},{"damage":0,"enemies":"2 Louse","floor":2,"turns":4},{"damage":2,"enemies":"Jaw Worm","floor":4,"turns":4},{"damage":25,"enemies":"Large Slime","floor":5,"turns":9},{"damage":8,"enemies":"Lagavulin","floor":7,"turns":8},{"damage":3,"enemies":"3 Sentries","floor":11,"turns":10},{"damage":0,"enemies":"Blue Slaver","floor":12,"turns":3},{"damage":3,"enemies":"Red Slaver","floor":13,"turns":3},{"damage":0,"enemies":"Exordium Wildlife","floor":14,"turns":3},{"damage":32,"enemies":"Hexaghost","floor":16,"turns":5},{"damage":34,"enemies":"Chosen","floor":18,"turns":5},{"damage":9,"enemies":"Gremlin Leader","floor":24,"turns":7},{"damage":14,"enemies":"Masked Bandits","floor":25,"turns":3},{"damage":0,"enemies":"Spheric Guardian","floor":28,"turns":5},{"damage":18,"enemies":"Snake Plant","floor":30,"turns":2},{"damage":0,"enemies":"Centurion and Healer","floor":31,"turns":5},{"damage":50,"enemies":"Champ","floor":33,"turns":7},{"damage":12,"enemies":"Orb Walker","floor":35,"turns":3},{"damage":0,"enemies":"3 Shapes","floor":36,"turns":3},{"damage":6,"enemies":"Sphere and 2 Shapes","floor":39,"turns":4},{"damage":53,"enemies":"Giant Head","floor":41,"turns":7},{"damage":31,"enemies":"2 Orb Walkers","floor":45,"turns":4},{"damage":40,"enemies":"Nemesis","floor":46,"turns":3}],"seed_played":"-1325152784382001245","potions_obtained":[{"floor":1,"key":"DistilledChaos"},{"floor":5,"key":"DuplicationPotion"},{"floor":12,"key":"SpeedPotion"},{"floor":14,"key":"SkillPotion"},{"floor":18,"key":"Dexterity Potion"},{"floor":28,"key":"PowerPotion"},{"floor":33,"key":"SkillPotion"},{"floor":35,"key":"PotionOfCapacity"},{"floor":41,"key":"Energy Potion"},{"floor":45,"key":"AttackPotion"}],"is_trial":false,"path_per_floor":["M","M","$","M","M","R","E","R","T","R","E","M","M","M","R","B",null,"M","$","?","?","?","R","E","?","T","R","M","R","M","M","R","B",null,"M","M","?","$","M","R","E","?","T","R","?","E"],"character_chosen":"DEFECT","items_purchased":["Calipers","Defragment"],"campfire_rested":1,"item_purchase_floors":[19,38],"current_hp_per_floor":[64,64,64,62,37,37,29,29,29,29,36,48,57,69,69,49,71,49,49,49,49,49,49,52,50,50,50,62,62,56,68,68,30,66,66,78,68,68,74,74,33,33,33,56,37,0],"gold":363,"neow_bonus":"TEN_PERCENT_HP_BONUS","is_prod":false,"is_daily":false,"chose_seed":false,"campfire_upgraded":9,"win_rate":0,"timestamp":1702360155,"path_taken":["M","M","$","M","M","R","E","R","T","R","E","M","M","M","R","BOSS","M","$","?","?","?","R","E","?","T","R","M","R","M","M","R","BOSS","M","M","?","$","M","R","E","?","T","R","?","E"],"build_version":"2022-12-18","purchased_purges":2,"victory":false,"max_hp_per_floor":[78,78,78,78,78,78,78,78,78,78,78,78,78,78,78,78,78,78,78,78,78,78,78,78,78,78,78,78,78,78,78,78,78,78,78,78,78,78,78,78,78,78,78,78,78,78],"card_choices":[{"not_picked":["Compile Driver","Aggregate"],"picked":"Glacier","floor":1},{"not_picked":["Gash","Turbo"],"picked":"Compile Driver","floor":2},{"not_picked":["Reinforced Body","White Noise"],"picked":"Static Discharge","floor":4},{"not_picked":["Turbo","Multi-Cast"],"picked":"Undo","floor":5},{"not_picked":["Reinforced Body","Compile Driver"],"picked":"Self Repair","floor":7},{"not_picked":["Double Energy","Beam Cell"],"picked":"Sunder","floor":11},{"not_picked":["Turbo","Static Discharge"],"picked":"Beam Cell","floor":12},{"not_picked":["Stack","Recycle","Streamline"],"picked":"SKIP","floor":13},{"not_picked":["Melter","Conserve Battery"],"picked":"Lockon","floor":14},{"not_picked":["Core Surge","Meteor Strike"],"picked":"Fission","floor":16},{"not_picked":["Steam Power","Gash","Redo"],"picked":"SKIP","floor":18},{"not_picked":["Steam Power+1","Force Field+1","Rebound"],"picked":"SKIP","floor":24},{"not_picked":["Hologram+1","Tempest+1"],"picked":"Defragment","floor":28},{"not_picked":["Cold Snap","Ball Lightning","Compile Driver"],"picked":"SKIP","floor":30},{"not_picked":["Cold Snap","Compile Driver"],"picked":"Ball Lightning","floor":30},{"not_picked":["Sunder","Hologram+1"],"picked":"Reboot+1","floor":31},{"not_picked":["All For One","Meteor Strike"],"picked":"Electrodynamics","floor":33},{"not_picked":["Undo+1","BootSequence+1"],"picked":"Chill+1","floor":35},{"not_picked":["Turbo+1","Compile Driver"],"picked":"Defragment","floor":36},{"not_picked":["Swift Strike","Forethought+1"],"picked":"Impatience+1","floor":37},{"not_picked":["Madness+1","Flash of Steel"],"picked":"Blind+1","floor":37},{"not_picked":["Turbo+1","Stack+1","Sweeping Beam"],"picked":"SKIP","floor":39},{"not_picked":["Undo+1","Self Repair"],"picked":"Core Surge","floor":41}],"player_experience":972242,"relics_obtained":[{"floor":7,"key":"Du-Vu Doll"},{"floor":9,"key":"HornCleat"},{"floor":11,"key":"Blood Vial"},{"floor":24,"key":"Toxic Egg 2"},{"floor":25,"key":"Red Mask"},{"floor":26,"key":"White Beast Statue"},{"floor":41,"key":"Pocketwatch"},{"floor":45,"key":"Girya"}],"event_choices":[{"damage_healed":0,"gold_gain":0,"cards_transformed":["Strike_B","Strike_B"],"player_choice":"Became Test Subject","damage_taken":0,"max_hp_gain":0,"max_hp_loss":0,"event_name":"Drug Dealer","floor":20,"gold_loss":0,"cards_obtained":["Scrape","Sweeping Beam"]},{"damage_healed":0,"gold_gain":0,"player_choice":"Read","damage_taken":0,"max_hp_gain":0,"max_hp_loss":0,"event_name":"The Library","floor":22,"gold_loss":0,"cards_obtained":["Skim"]},{"damage_healed":0,"gold_gain":0,"player_choice":"Fought Bandits","damage_taken":0,"max_hp_gain":0,"max_hp_loss":0,"event_name":"Masked Bandits","floor":25,"gold_loss":0},{"damage_healed":0,"gold_gain":0,"player_choice":"Memory 3","damage_taken":10,"max_hp_gain":0,"max_hp_loss":0,"event_name":"SensoryStone","floor":37,"gold_loss":0},{"damage_healed":0,"gold_gain":222,"player_choice":"Wore Mask","damage_taken":0,"max_hp_gain":0,"max_hp_loss":0,"event_name":"Tomb of Lord Red Mask","floor":42,"gold_loss":0},{"damage_healed":0,"gold_gain":0,"player_choice":"Fight","damage_taken":0,"max_hp_gain":0,"max_hp_loss":0,"event_name":"Mysterious Sphere","floor":45,"gold_loss":0}],"is_beta":false,"boss_relics":[{"not_picked":["Runic Dome","Black Star"],"picked":"Philosopher\u0027s Stone"},{"not_picked":["Fusion Hammer","Snecko Eye"],"picked":"SlaversCollar"}],"items_purged_floors":[3,38],"is_endless":false,"potions_floor_spawned":[1,5,12,14,18,28,30,31,33,35,36,39,41,45],"killed_by":"Nemesis","ascension_level":17}