{"gold_per_floor":[113,9,9,24,124,150,150,180,180,56,83,102,102,120,120,194,194,207,207,90,108,33,33,65,82,108,108,108,142,161,194,194,268,268,279,43,58,83,98,98,98,118,118,136,165,165,194,217,229,241,253,265,6,36,36],"floor_reached":55,"playtime":3126,"items_purged":["Strike_B","Strike_B","Strike_B","Gash","Defend_B"],"score":1598,"play_id":"1f6f55e0-6022-4b41-aa94-b40b069cd88d","local_time":"20231219140142","is_ascension_mode":true,"campfire_choices":[{"data":"Doom and Gloom","floor":7,"key":"SMITH"},{"data":"Defragment","floor":13,"key":"SMITH"},{"data":"Dualcast","floor":15,"key":"SMITH"},{"data":"Reboot","floor":23,"key":"SMITH"},{"data":"Skim","floor":27,"key":"SMITH"},{"floor":32,"key":"REST"},{"data":"Heatsinks","floor":40,"key":"SMITH"},{"floor":46,"key":"RECALL"},{"data":"Skim","floor":49,"key":"SMITH"},{"data":"Ghostly","floor":52,"key":"SMITH"}],"neow_cost":"NONE","seed_source_timestamp":529144913197800,"circlet_count":0,"master_deck":["AscendersBane","Defend_B+1","Defend_B","Defend_B","Zap","Dualcast+1","Skim+1","Doom and Gloom+1","Leap","Genetic Algorithm","Defragment+1","Reboot+1","Auto Shields","Electrodynamics","Ball Lightning","Ghostly+1","Ghostly+1","Ghostly","Heatsinks+1","Skim+1","Glacier","Coolheaded+1","Loop+1","Creative AI+1","Defragment+1","Defragment+1","Capacitor+1","White Noise+1","Hologram","Master of Strategy","Defragment+1","Buffer+1"],"relics":["Cracked Core","NeowsBlessing","Bottled Lightning","The Courier","Eternal Feather","Smiling Mask","Runic Dome","Mango","War Paint","Frozen Egg 2","Matryoshka","Nuclear Battery","Incense Burner","Strawberry","Blood Vial","MawBank","Vajra"],"potions_floor_usage":[11,11,29,29,31,50,55,55],"damage_taken":[{"damage":0,"enemies":"Small Slimes","floor":1,"turns":1},{"damage":0,"enemies":"Jaw Worm","floor":4,"turns":1},{"damage":0,"enemies":"3 Sentries","floor":6,"turns":1},{"damage":17,"enemies":"Lagavulin","floor":8,"turns":7},{"damage":7,"enemies":"Gremlin Nob","floor":11,"turns":3},{"damage":0,"enemies":"Cultist","floor":12,"turns":3},{"damage":8,"enemies":"Blue Slaver","floor":14,"turns":5},{"damage":35,"enemies":"Hexaghost","floor":16,"turns":9},{"damage":0,"enemies":"Spheric Guardian","floor":18,"turns":3},{"damage":10,"enemies":"Shell Parasite","floor":21,"turns":7},{"damage":5,"enemies":"Slavers","floor":24,"turns":4},{"damage":23,"enemies":"Centurion and Healer","floor":25,"turns":5},{"damage":27,"enemies":"Book of Stabbing","floor":29,"turns":7},{"damage":0,"enemies":"Snake Plant","floor":30,"turns":4},{"damage":14,"enemies":"Gremlin Leader","floor":31,"turns":7},{"damage":15,"enemies":"Champ","floor":33,"turns":13},{"damage":4,"enemies":"3 Darklings","floor":35,"turns":4},{"damage":1,"enemies":"Orb Walker","floor":37,"turns":4},{"damage":0,"enemies":"Mind Bloom Boss Battle","floor":38,"turns":4},{"damage":2,"enemies":"3 Darklings","floor":39,"turns":5},{"damage":0,"enemies":"Jaw Worm Horde","floor":42,"turns":5},{"damage":2,"enemies":"Spire Growth","floor":44,"turns":6},{"damage":19,"enemies":"Reptomancer","floor":45,"turns":5},{"damage":1,"enemies":"Giant Head","floor":47,"turns":9},{"damage":3,"enemies":"4 Shapes","floor":48,"turns":3},{"damage":23,"enemies":"Awakened One","floor":50,"turns":26},{"damage":0,"enemies":"Shield and Spear","floor":54,"turns":9},{"damage":64,"enemies":"The Heart","floor":55,"turns":12}],"seed_played":"4845637991392814029","potions_obtained":[{"floor":1,"key":"PotionOfCapacity"},{"floor":6,"key":"SteroidPotion"},{"floor":12,"key":"Regen Potion"},{"floor":16,"key":"Fire Potion"},{"floor":24,"key":"DistilledChaos"},{"floor":29,"key":"PowerPotion"},{"floor":30,"key":"SteroidPotion"},{"floor":33,"key":"Strength Potion"},{"floor":44,"key":"SpeedPotion"},{"floor":48,"key":"EssenceOfSteel"},{"floor":54,"key":"Dexterity Potion"}],"is_trial":false,"path_per_floor":["M","$","?","M","?","E","R","E","T","$","E","M","R","M","R","B",null,"M","?","$","M","?","R","E","M","T","R","?","E","M","E","R","B",null,"M","$","M","?","M","R","?","M","T","M","E","R","E","M","R","B",null,"R","$","E","B"],"character_chosen":"DEFECT","items_purchased":["Gash","AttackPotion","Heatsinks","Defragment+1","Defragment+1","Capacitor+1","Master of Strategy","Defragment+1"],"campfire_rested":1,"item_purchase_floors":[2,10,20,36,36,36,53,53],"current_hp_per_floor":[64,64,69,69,69,69,69,52,52,52,45,45,54,46,55,20,62,62,38,38,28,28,38,47,24,24,36,36,18,18,4,34,19,44,40,40,39,39,37,52,52,52,59,57,38,53,54,53,59,36,53,59,59,59,0],"gold":36,"neow_bonus":"THREE_ENEMY_KILL","is_prod":false,"is_daily":false,"chose_seed":false,"campfire_upgraded":8,"win_rate":0,"timestamp":1703023302,"path_taken":["M","$","?","M","?","E","R","E","T","$","E","?","R","M","R","BOSS","M","?","$","M","?","R","E","M","T","R","?","E","M","E","R","BOSS","M","$","M","?","M","R","?","M","T","?","E","R","E","M","R","BOSS","R","$","E","BOSS"],"build_version":"2022-12-18","purchased_purges":5,"victory":false,"max_hp_per_floor":[71,71,76,76,76,76,76,76,76,76,76,76,76,76,76,76,76,76,38,38,38,38,38,52,52,52,52,52,52,52,52,52,52,52,52,52,52,52,52,52,52,52,59,59,59,59,59,59,59,59,59,59,59,59,59],"card_choices":[{"not_picked":["Steam","Conserve Battery"],"picked":"Skim","floor":1},{"not_picked":["Sweeping Beam","Compile Driver"],"picked":"Doom and Gloom","floor":4},{"not_picked":["Heatsinks","Stack"],"picked":"Leap","floor":6},{"not_picked":["Rebound","Compile Driver"],"picked":"Genetic Algorithm","floor":8},{"not_picked":["Coolheaded","Reprogram"],"picked":"Defragment","floor":11},{"not_picked":["Streamline","Stack"],"picked":"Reboot","floor":12},{"not_picked":["Streamline","Force Field"],"picked":"Auto Shields","floor":14},{"not_picked":["Core Surge","Hyperbeam"],"picked":"Electrodynamics","floor":16},{"not_picked":["Beam Cell","Go for the Eyes"],"picked":"Ball Lightning","floor":18},{"not_picked":["Go for the Eyes","Ball Lightning"],"picked":"Skim","floor":21},{"not_picked":["Reinforced Body","Loop"],"picked":"Glacier","floor":24},{"not_picked":["Go for the Eyes","Beam Cell"],"picked":"Coolheaded+1","floor":25},{"not_picked":["All For One","Melter","Beam Cell"],"picked":"SKIP","floor":29},{"not_picked":["Go for the Eyes","Undo"],"picked":"Loop+1","floor":30},{"not_picked":["Stack","Hello World+1","Redo"],"picked":"SKIP","floor":31},{"not_picked":["All For One","Buffer+1"],"picked":"Creative AI+1","floor":33},{"not_picked":["Gash","FTL+1","Rip and Tear"],"picked":"SKIP","floor":35},{"not_picked":["Loop+1","Leap","Scrape"],"picked":"SKIP","floor":37},{"not_picked":["Cold Snap","Steam Power","Sweeping Beam"],"picked":"SKIP","floor":39},{"not_picked":["Cold Snap","Go for the Eyes","Force Field"],"picked":"SKIP","floor":42},{"not_picked":["Tempest","Rainbow","Melter+1"],"picked":"SKIP","floor":44},{"not_picked":["Leap","Barrage"],"picked":"White Noise+1","floor":45},{"not_picked":["Barrage","Genetic Algorithm","Sunder"],"picked":"SKIP","floor":47},{"not_picked":["Streamline","Compile Driver+1"],"picked":"Hologram","floor":48},{"not_picked":["Steam","Gash+1"],"picked":"Buffer+1","floor":54}],"player_experience":1028805,"relics_obtained":[{"floor":6,"key":"Bottled Lightning"},{"floor":8,"key":"The Courier"},{"floor":9,"key":"Eternal Feather"},{"floor":11,"key":"Smiling Mask"},{"floor":24,"key":"Mango"},{"floor":26,"key":"War Paint"},{"floor":29,"key":"Frozen Egg 2"},{"floor":31,"key":"Matryoshka"},{"floor":38,"key":"Incense Burner"},{"floor":43,"key":"Strawberry"},{"floor":45,"key":"Blood Vial"},{"floor":47,"key":"MawBank"},{"floor":54,"key":"Vajra"}],"event_choices":[{"damage_healed":0,"gold_gain":0,"player_choice":"Donut","damage_taken":0,"max_hp_gain":5,"max_hp_loss":0,"event_name":"Big Fish","floor":3,"gold_loss":0},{"damage_healed":0,"gold_gain":100,"player_choice":"Gold","damage_taken":0,"max_hp_gain":0,"max_hp_loss":0,"event_name":"Wheel of Change","floor":5,"gold_loss":0},{"damage_healed":0,"gold_gain":0,"player_choice":"Became a Ghost","damage_taken":0,"max_hp_gain":0,"max_hp_loss":38,"event_name":"Ghosts","floor":19,"gold_loss":0,"cards_obtained":["Ghostly","Ghostly","Ghostly"]},{"cards_removed":["Strike_B"],"damage_healed":0,"gold_gain":0,"player_choice":"Gave Gold","damage_taken":0,"max_hp_gain":0,"max_hp_loss":0,"event_name":"Beggar","floor":22,"gold_loss":75},{"damage_healed":0,"gold_gain":0,"player_choice":"Ignored","damage_taken":0,"max_hp_gain":0,"max_hp_loss":0,"event_name":"The Mausoleum","floor":28,"gold_loss":0},{"damage_healed":0,"gold_gain":0,"player_choice":"Fight","damage_taken":0,"max_hp_gain":0,"max_hp_loss":0,"event_name":"MindBloom","floor":38,"gold_loss":0},{"damage_healed":0,"gold_gain":0,"player_choice":"Ignored","damage_taken":0,"max_hp_gain":0,"max_hp_loss":0,"event_name":"Tomb of Lord Red Mask","floor":41,"gold_loss":0}],"is_beta":false,"boss_relics":[{"not_picked":["Astrolabe","SlaversCollar"],"picked":"Runic Dome"},{"not_picked":["Inserter","Fusion Hammer"],"picked":"Nuclear Battery"}],"items_purged_floors":[2,10,20,36,53],"is_endless":false,"potions_floor_spawned":[1,6,12,16,24,25,29,30,33,35,42,44,48,54],"killed_by":"The Heart","ascension_level":18}