{"gold_per_floor":[112,126,126,43,43,43,77,95,95,95,107,126,151,151],"floor_reached":14,"playtime":422,"items_purged":[],"score":171,"play_id":"791d9249-0e2c-42ec-ae91-2e0d4d90bf85","local_time":"20231219235011","is_ascension_mode":true,"campfire_choices":[{"data":"Doom and Gloom","floor":6,"key":"SMITH"},{"data":"Reprogram","floor":10,"key":"SMITH"}],"neow_cost":"NONE","seed_source_timestamp":567157687668400,"circlet_count":0,"master_deck":["AscendersBane","Strike_B","Strike_B","Strike_B","Defend_B","Defend_B","Defend_B","Defend_B","Zap","Dualcast","Reprogram+1","Hologram","Doom and Gloom+1","Steam","Sunder","Hologram"],"relics":["Cracked Core","Anchor","Frozen Egg 2","Shuriken","Happy Flower"],"potions_floor_usage":[7],"damage_taken":[{"damage":2,"enemies":"Small Slimes","floor":1,"turns":4},{"damage":10,"enemies":"2 Louse","floor":2,"turns":3},{"damage":19,"enemies":"3 Sentries","floor":7,"turns":6},{"damage":0,"enemies":"Jaw Worm","floor":8,"turns":4},{"damage":7,"enemies":"Exordium Wildlife","floor":11,"turns":4},{"damage":0,"enemies":"3 Louse","floor":12,"turns":2},{"damage":49,"enemies":"Gremlin Nob","floor":14,"turns":3}],"seed_played":"8735412123459461431","potions_obtained":[{"floor":1,"key":"SneckoOil"},{"floor":8,"key":"PotionOfCapacity"},{"floor":12,"key":"Dexterity Potion"}],"is_trial":false,"path_per_floor":["M","M","?","$","?","R","E","M","T","R","M","M","T","E"],"character_chosen":"DEFECT","items_purchased":["Doom and Gloom"],"campfire_rested":0,"item_purchase_floors":[4],"current_hp_per_floor":[62,52,45,45,50,50,31,31,31,31,24,24,24,0],"gold":151,"neow_bonus":"RANDOM_COMMON_RELIC","is_prod":false,"is_daily":false,"chose_seed":false,"campfire_upgraded":2,"win_rate":0,"timestamp":1703058611,"path_taken":["M","M","?","$","?","R","E","?","T","R","M","M","?","E"],"build_version":"2022-12-18","purchased_purges":0,"victory":false,"max_hp_per_floor":[71,71,71,71,76,76,76,76,76,76,76,76,76,76],"card_choices":[{"not_picked":["Aggregate","Stack"],"picked":"Reprogram","floor":1},{"not_picked":["Stack","Gash"],"picked":"Hologram","floor":2},{"not_picked":["Static Discharge+1","Leap"],"picked":"Steam","floor":7},{"not_picked":["Beam Cell","Ball Lightning","Creative AI+1"],"picked":"SKIP","floor":8},{"not_picked":["Coolheaded","Leap"],"picked":"Sunder","floor":11},{"not_picked":["Stack","Hello World+1"],"picked":"Hologram","floor":12}],"player_experience":1033245,"relics_obtained":[{"floor":7,"key":"Frozen Egg 2"},{"floor":9,"key":"Shuriken"},{"floor":13,"key":"Happy Flower"}],"event_choices":[{"cards_removed":["Strike_B"],"damage_healed":0,"gold_gain":0,"player_choice":"Card Removal","damage_taken":7,"max_hp_gain":0,"max_hp_loss":0,"event_name":"Golden Wing","floor":3,"gold_loss":0},{"damage_healed":0,"gold_gain":0,"player_choice":"Donut","damage_taken":0,"max_hp_gain":5,"max_hp_loss":0,"event_name":"Big Fish","floor":5,"gold_loss":0}],"is_beta":false,"boss_relics":[],"items_purged_floors":[],"is_endless":false,"potions_floor_spawned":[1,8,12],"killed_by":"Gremlin Nob","ascension_level":18}