{"gold_per_floor":[110,110,122,139,158,158,191,206,229,229,246,276,43,78,78,150,150,170,186,25,25,40,40,50,83,83,113,113,133,163,83,83,83],"floor_reached":33,"playtime":1108,"items_purged":["Strike_B","Strike_B"],"score":621,"play_id":"ae1f1d05-63e3-437c-a54d-46998b2a50aa","local_time":"20231219233706","is_ascension_mode":true,"campfire_choices":[{"data":"Lockon","floor":6,"key":"SMITH"},{"data":"Steam","floor":10,"key":"SMITH"},{"data":"Coolheaded","floor":15,"key":"SMITH"},{"data":"Fission","floor":23,"key":"SMITH"},{"floor":32,"key":"REST"}],"neow_cost":"NONE","seed_source_timestamp":565680925255600,"circlet_count":0,"master_deck":["AscendersBane","Strike_B","Strike_B","Defend_B","Defend_B","Defend_B","Defend_B","Zap","Dualcast","Ball Lightning","Ball Lightning","Steam+1","Lockon+1","Glacier","Coolheaded+1","Fission+1","Skim","Go for the Eyes+1","Defragment","Undo","Electrodynamics"],"relics":["Cracked Core","Tiny Chest","Happy Flower","Vajra","DataDisk","PreservedInsect","SlaversCollar","OrangePellets","Turnip","The Courier","Bronze Scales","Ancient Tea Set"],"potions_floor_usage":[12,24,25,25],"damage_taken":[{"damage":1,"enemies":"2 Louse","floor":1,"turns":3},{"damage":7,"enemies":"Jaw Worm","floor":3,"turns":3},{"damage":0,"enemies":"Cultist","floor":4,"turns":3},{"damage":5,"enemies":"Exordium Thugs","floor":5,"turns":4},{"damage":8,"enemies":"Gremlin Nob","floor":7,"turns":3},{"damage":0,"enemies":"3 Louse","floor":8,"turns":3},{"damage":3,"enemies":"Red Slaver","floor":11,"turns":4},{"damage":12,"enemies":"Lagavulin","floor":12,"turns":5},{"damage":3,"enemies":"Gremlin Nob","floor":14,"turns":3},{"damage":7,"enemies":"The Guardian","floor":16,"turns":10},{"damage":8,"enemies":"Shell Parasite","floor":18,"turns":8},{"damage":17,"enemies":"Chosen","floor":19,"turns":4},{"damage":3,"enemies":"Snake Plant","floor":22,"turns":4},{"damage":19,"enemies":"Chosen and Byrds","floor":24,"turns":7},{"damage":7,"enemies":"Gremlin Leader","floor":25,"turns":6},{"damage":13,"enemies":"Book of Stabbing","floor":27,"turns":3},{"damage":0,"enemies":"Snecko","floor":29,"turns":4},{"damage":13,"enemies":"Slavers","floor":30,"turns":4},{"damage":33,"enemies":"Collector","floor":33,"turns":6}],"seed_played":"-341018805787879194","potions_obtained":[{"floor":3,"key":"Regen Potion"},{"floor":4,"key":"BlessingOfTheForge"},{"floor":14,"key":"SteroidPotion"},{"floor":22,"key":"Fire Potion"},{"floor":24,"key":"EssenceOfDarkness"}],"is_trial":false,"path_per_floor":["M","?","M","M","M","R","E","M","T","R","M","E","$","E","R","B",null,"M","M","$","?","M","R","M","E","T","E","?","M","E","$","R","B"],"character_chosen":"DEFECT","items_purchased":["DataDisk","OrangePellets"],"campfire_rested":1,"item_purchase_floors":[13,20],"current_hp_per_floor":[70,75,68,68,63,63,55,55,55,55,52,40,40,37,37,30,70,62,45,45,45,42,42,38,31,31,18,18,18,5,5,29,0],"gold":83,"neow_bonus":"TEN_PERCENT_HP_BONUS","is_prod":false,"is_daily":false,"chose_seed":false,"campfire_upgraded":4,"win_rate":0,"timestamp":1703057826,"path_taken":["M","?","M","M","M","R","E","M","T","R","M","E","$","E","R","BOSS","M","M","$","?","M","R","M","E","T","E","?","M","E","$","R","BOSS"],"build_version":"2022-12-18","purchased_purges":2,"victory":false,"max_hp_per_floor":[78,83,83,83,83,83,83,83,83,83,83,83,83,83,83,83,83,83,83,83,83,83,83,83,83,83,83,83,83,83,83,83,83],"card_choices":[{"not_picked":["Coolheaded","Lockon"],"picked":"Ball Lightning","floor":1},{"not_picked":["Sweeping Beam","Static Discharge"],"picked":"Ball Lightning","floor":3},{"not_picked":["Gash","Barrage"],"picked":"Steam","floor":4},{"not_picked":["Coolheaded","Leap"],"picked":"Lockon","floor":5},{"not_picked":["Hello World","Lockon","Steam"],"picked":"SKIP","floor":7},{"not_picked":["Turbo","Gash"],"picked":"Glacier","floor":8},{"not_picked":["Gash","Go for the Eyes","Sweeping Beam"],"picked":"SKIP","floor":11},{"not_picked":["Tempest","Reboot"],"picked":"Coolheaded","floor":12},{"not_picked":["Force Field","Streamline","Beam Cell"],"picked":"SKIP","floor":14},{"not_picked":["Machine Learning","Reboot"],"picked":"Fission","floor":16},{"not_picked":["Undo","Conserve Battery+1","Go for the Eyes"],"picked":"SKIP","floor":18},{"not_picked":["Streamline","BootSequence","Buffer"],"picked":"SKIP","floor":19},{"not_picked":["Gash","Storm","Beam Cell+1"],"picked":"SKIP","floor":22},{"not_picked":["Darkness+1","Rebound+1","Leap"],"picked":"SKIP","floor":24},{"not_picked":["Go for the Eyes","Redo+1"],"picked":"Skim","floor":25},{"not_picked":["All For One","Hello World"],"picked":"Go for the Eyes+1","floor":27},{"not_picked":["Hologram","Loop"],"picked":"Undo","floor":29},{"not_picked":["Force Field","Heatsinks"],"picked":"Electrodynamics","floor":30}],"player_experience":1032137,"relics_obtained":[{"floor":7,"key":"Tiny Chest"},{"floor":9,"key":"Happy Flower"},{"floor":12,"key":"Vajra"},{"floor":14,"key":"PreservedInsect"},{"floor":25,"key":"Turnip"},{"floor":26,"key":"The Courier"},{"floor":27,"key":"Bronze Scales"},{"floor":30,"key":"Ancient Tea Set"}],"event_choices":[{"damage_healed":0,"gold_gain":0,"player_choice":"Donut","damage_taken":0,"max_hp_gain":5,"max_hp_loss":0,"event_name":"Big Fish","floor":2,"gold_loss":0},{"damage_healed":0,"gold_gain":0,"player_choice":"Ignored","damage_taken":0,"max_hp_gain":0,"max_hp_loss":0,"event_name":"The Mausoleum","floor":21,"gold_loss":0},{"damage_healed":0,"gold_gain":0,"player_choice":"Read","damage_taken":0,"max_hp_gain":0,"max_hp_loss":0,"event_name":"The Library","floor":28,"gold_loss":0,"cards_obtained":["Defragment"]}],"is_beta":false,"boss_relics":[{"not_picked":["Busted Crown","Velvet Choker"],"picked":"SlaversCollar"}],"items_purged_floors":[13,31],"is_endless":false,"potions_floor_spawned":[3,4,5,8,14,16,22,24],"killed_by":"Collector","ascension_level":18}