{"gold_per_floor":[117,129,129,148,160,190,190,224,303,303,331,341,341,341,341,413,413,426,451,466,108,108,108,141,141,220,220,220,220,220,240,240,311,311,331,351,293,308,320,352,352,352],"floor_reached":42,"playtime":1480,"items_purged":["Strike_B"],"score":882,"play_id":"953c354e-a011-458a-8243-d31554efd550","local_time":"20231220134015","is_ascension_mode":true,"campfire_choices":[{"data":"Lockon","floor":7.0,"key":"SMITH"},{"data":"Fission","floor":10.0,"key":"SMITH"},{"data":"Beam Cell","floor":15.0,"key":"SMITH"},{"data":"Electrodynamics","floor":23.0,"key":"SMITH"},{"data":"Coolheaded","floor":25.0,"key":"SMITH"},{"data":"Coolheaded","floor":27.0,"key":"SMITH"},{"data":"Dualcast","floor":30.0,"key":"SMITH"},{"data":"Auto Shields","floor":32.0,"key":"SMITH"},{"data":"Double Energy","floor":41.0,"key":"SMITH"}],"neow_cost":"NONE","seed_source_timestamp":0,"circlet_count":0,"master_deck":["AscendersBane","Defend_B","Defend_B","Defend_B","Defend_B","Zap","Dualcast+1","Beam Cell+1","Auto Shields+1","Lockon+1","Electrodynamics+1","Cold Snap","Fission+1","Coolheaded+1","Coolheaded+1","Master of Strategy","Recycle+1","Electrodynamics","Double Energy+1","Coolheaded","Turbo+1"],"special_seed":0,"relics":["Cracked Core","Toy Ornithopter","Lizard Tail","InkBottle","Bag of Marbles","Du-Vu Doll","Philosopher\u0027s Stone","Red Mask","Anchor","Gremlin Horn","Inserter","Strawberry"],"potions_floor_usage":[],"damage_taken":[{"damage":1.0,"enemies":"Cultist","floor":1.0,"turns":3.0},{"damage":10.0,"enemies":"Small Slimes","floor":2.0,"turns":3.0},{"damage":0.0,"enemies":"2 Louse","floor":4.0,"turns":2.0},{"damage":1.0,"enemies":"2 Fungi Beasts","floor":5.0,"turns":2.0},{"damage":28.0,"enemies":"Gremlin Nob","floor":6.0,"turns":4.0},{"damage":10.0,"enemies":"3 Sentries","floor":8.0,"turns":4.0},{"damage":4.0,"enemies":"Gremlin Nob","floor":11.0,"turns":3.0},{"damage":0.0,"enemies":"Blue Slaver","floor":12.0,"turns":3.0},{"damage":17.0,"enemies":"Hexaghost","floor":16.0,"turns":9.0},{"damage":10.0,"enemies":"Spheric Guardian","floor":18.0,"turns":5.0},{"damage":22.0,"enemies":"Masked Bandits","floor":19.0,"turns":3.0},{"damage":2.0,"enemies":"2 Thieves","floor":20.0,"turns":3.0},{"damage":38.0,"enemies":"Gremlin Leader","floor":24.0,"turns":6.0},{"damage":0.0,"enemies":"Sentry and Sphere","floor":31.0,"turns":3.0},{"damage":33.0,"enemies":"Collector","floor":33.0,"turns":8.0},{"damage":0.0,"enemies":"Orb Walker","floor":35.0,"turns":2.0},{"damage":0.0,"enemies":"3 Shapes","floor":36.0,"turns":2.0},{"damage":21.0,"enemies":"3 Darklings","floor":38.0,"turns":3.0},{"damage":23.0,"enemies":"Spire Growth","floor":39.0,"turns":4.0},{"damage":9.0,"enemies":"Reptomancer","floor":40.0,"turns":5.0},{"damage":0,"enemies":"Writhing Mass","floor":42,"turns":1}],"seed_played":"5665408177484038933","potions_obtained":[{"floor":1.0,"key":"Ancient Potion"},{"floor":4.0,"key":"Regen Potion"},{"floor":6.0,"key":"SteroidPotion"},{"floor":8.0,"key":"Weak Potion"},{"floor":16.0,"key":"Ancient Potion"},{"floor":18.0,"key":"PowerPotion"},{"floor":20.0,"key":"GamblersBrew"},{"floor":35.0,"key":"ColorlessPotion"},{"floor":38.0,"key":"FearPotion"}],"is_trial":false,"path_per_floor":["M","M","?","M","M","E","R","E","T","R","E","M","?","?","R","B",null,"M","?","M","$","?","R","E","R","T","R","?","?","R","M","R","B",null,"M","M","$","M","M","E","R","M"],"character_chosen":"DEFECT","items_purchased":["Regen Potion","Master of Strategy","Coolheaded"],"campfire_rested":0,"item_purchase_floors":[21,21,37],"current_hp_per_floor":[70,60,60,60,59,31,31,38,38,38,39,39,28,28,28,16,63,53,31,29,29,29,29,16,16,16,16,16,10,10,10,10,29,66,66,66,66,45,22,20,20,20],"gold":352,"neow_bonus":"TEN_PERCENT_HP_BONUS","is_prod":false,"is_daily":false,"chose_seed":false,"campfire_upgraded":9,"win_rate":0,"timestamp":1703108415,"path_taken":["M","?","?","M","M","E","R","E","T","R","E","?","?","?","R","BOSS","M","?","M","$","?","R","E","R","T","R","?","?","R","M","R","BOSS","M","?","$","M","M","E","R","M"],"build_version":"2022-12-18","purchased_purges":1,"victory":false,"max_hp_per_floor":[78,78,78,78,78,78,78,78,78,78,78,78,78,78,78,78,78,78,78,78,78,78,78,78,78,78,78,78,78,78,78,78,78,78,78,78,78,78,78,85,85,85],"card_choices":[{"not_picked":["Steam Power","Coolheaded"],"picked":"Beam Cell","floor":1.0},{"not_picked":["Turbo","Steam"],"picked":"Auto Shields","floor":2.0},{"not_picked":["Cold Snap","Loop"],"picked":"Electrodynamics","floor":4.0},{"not_picked":["Sweeping Beam","Blizzard"],"picked":"Cold Snap","floor":5.0},{"not_picked":["Go for the Eyes","Hologram","Melter"],"picked":"SKIP","floor":6.0},{"not_picked":["Beam Cell","Cold Snap"],"picked":"Fission","floor":8.0},{"not_picked":["Blizzard","Turbo"],"picked":"Coolheaded","floor":11.0},{"not_picked":["Heatsinks","FTL"],"picked":"Coolheaded","floor":12.0},{"not_picked":["FTL","Doom and Gloom","Compile Driver"],"picked":"SKIP","floor":18.0},{"not_picked":["Hologram","Barrage","Streamline+1"],"picked":"SKIP","floor":20.0},{"not_picked":["Blizzard","Hologram"],"picked":"Recycle+1","floor":24.0},{"not_picked":["Compile Driver","Gash"],"picked":"Electrodynamics","floor":31.0},{"not_picked":["Barrage","Reinforced Body+1"],"picked":"Double Energy","floor":35.0},{"not_picked":["FTL+1","Darkness","Double Energy"],"picked":"SKIP","floor":36.0},{"not_picked":["Cold Snap+1","Sweeping Beam","Loop"],"picked":"SKIP","floor":38.0},{"not_picked":["Streamline","Conserve Battery+1","Sunder"],"picked":"SKIP","floor":39.0},{"not_picked":["Coolheaded","Conserve Battery"],"picked":"Turbo+1","floor":40.0}],"player_experience":1033667,"relics_obtained":[{"floor":6.0,"key":"Toy Ornithopter"},{"floor":8.0,"key":"Lizard Tail"},{"floor":9.0,"key":"InkBottle"},{"floor":11.0,"key":"Bag of Marbles"},{"floor":19.0,"key":"Red Mask"},{"floor":24.0,"key":"Anchor"},{"floor":26.0,"key":"Gremlin Horn"},{"floor":40.0,"key":"Strawberry"}],"event_choices":[{"damage_healed":0.0,"max_hp_gain":0.0,"max_hp_loss":0.0,"gold_gain":0.0,"cards_transformed":["Strike_B"],"event_name":"Transmorgrifier","player_choice":"Transformed","floor":3.0,"gold_loss":0.0,"damage_taken":0.0,"cards_obtained":["Lockon"]},{"damage_healed":0.0,"max_hp_gain":0.0,"max_hp_loss":0.0,"gold_gain":0.0,"event_name":"Scrap Ooze","player_choice":"Success","floor":13.0,"gold_loss":0.0,"damage_taken":11.0,"relics_obtained":["Du-Vu Doll"]},{"cards_removed":["Strike_B"],"damage_healed":0.0,"max_hp_gain":0.0,"max_hp_loss":0.0,"gold_gain":0.0,"event_name":"Living Wall","player_choice":"Forget","floor":14.0,"gold_loss":0.0,"damage_taken":0.0},{"damage_healed":0.0,"max_hp_gain":0.0,"max_hp_loss":0.0,"gold_gain":0.0,"event_name":"Masked Bandits","player_choice":"Fought Bandits","floor":19.0,"gold_loss":0.0,"damage_taken":0.0},{"cards_removed":["Strike_B"],"damage_healed":0.0,"max_hp_gain":0.0,"max_hp_loss":0.0,"gold_gain":0.0,"event_name":"Back to Basics","player_choice":"Elegance","floor":22.0,"gold_loss":0.0,"damage_taken":0.0},{"damage_healed":0.0,"max_hp_gain":0.0,"max_hp_loss":0.0,"gold_gain":0.0,"event_name":"Cursed Tome","player_choice":"Ignored","floor":28.0,"gold_loss":0.0,"damage_taken":0.0},{"damage_healed":0.0,"max_hp_gain":0.0,"max_hp_loss":0.0,"gold_gain":0.0,"event_name":"Knowing Skull","player_choice":"","floor":29.0,"potions_obtained":[],"gold_loss":0.0,"damage_taken":6.0,"cards_obtained":[]}],"is_beta":false,"boss_relics":[{"not_picked":["Snecko Eye","SacredBark"],"picked":"Philosopher\u0027s Stone"},{"not_picked":["Cursed Key","SlaversCollar"],"picked":"Inserter"}],"items_purged_floors":[21],"is_endless":false,"potions_floor_spawned":[1,4,6,8,16,18,19,20,35,38,40],"killed_by":"Writhing Mass","ascension_level":18}