{"gold_per_floor":[113,38,38,38,38,70,70,83,383,393,411,411,423,450,450,527,527,527,265,5,5,5,5,5,5,5,5,0,0,0,0,0,0,0,0,0,0,0,0,0,0,0,0,0,0,0,0,0,0,0,0,0,0,0,0],"floor_reached":56,"playtime":2083,"items_purged":["Strike_B","Strike_B","Strike_B"],"score":2240,"play_id":"5d50a656-ebed-4783-96a4-fdf65dd6d5da","local_time":"20231222022651","is_ascension_mode":true,"campfire_choices":[{"data":"Hyperbeam","floor":7,"key":"SMITH"},{"data":"Sunder","floor":12,"key":"SMITH"},{"data":"Sunder","floor":15,"key":"SMITH"},{"data":"Beam Cell","floor":24,"key":"SMITH"},{"data":"Defragment","floor":27,"key":"SMITH"},{"data":"Defragment","floor":32,"key":"SMITH"},{"data":"Seek","floor":41,"key":"SMITH"},{"floor":44,"key":"RECALL"},{"data":"Defragment","floor":49,"key":"SMITH"},{"data":"Biased Cognition","floor":52,"key":"SMITH"}],"neow_cost":"NONE","seed_source_timestamp":747689210802300,"circlet_count":0,"master_deck":["AscendersBane","Defend_B","Defend_B","Defend_B","Defend_B","Zap","Dualcast","Ball Lightning","Hyperbeam+1","Sunder+1","Conserve Battery","Self Repair","Reinforced Body","Sunder+1","Echo Form","Coolheaded","Defragment+1","Turbo","Necronomicurse","Ghostly","Ghostly","Ghostly","Beam Cell+1","Steam Power","Aggregate","Defragment+1","Biased Cognition+1","Cold Snap+1","Seek+1","Glacier","Defragment+1"],"relics":["Cracked Core","NeowsBlessing","StrikeDummy","HornCleat","Old Coin","Centennial Puzzle","Ectoplasm","Runic Capacitor","Necronomicon","Regal Pillow","Pear","PreservedInsect","MawBank","Snecko Eye","Torii","CaptainsWheel","Pen Nib","Blood Vial"],"potions_floor_usage":[16,54,55],"damage_taken":[{"damage":0,"enemies":"Small Slimes","floor":1,"turns":1},{"damage":0,"enemies":"Gremlin Nob","floor":6,"turns":1},{"damage":0,"enemies":"Jaw Worm","floor":8,"turns":1},{"damage":0,"enemies":"Cultist","floor":10,"turns":2},{"damage":0,"enemies":"3 Louse","floor":11,"turns":1},{"damage":7,"enemies":"2 Fungi Beasts","floor":13,"turns":3},{"damage":20,"enemies":"Lagavulin","floor":14,"turns":5},{"damage":30,"enemies":"Slime Boss","floor":16,"turns":7},{"damage":0,"enemies":"Chosen","floor":18,"turns":3},{"damage":8,"enemies":"Gremlin Leader","floor":23,"turns":5},{"damage":3,"enemies":"Slavers","floor":25,"turns":3},{"damage":11,"enemies":"2 Thieves","floor":28,"turns":2},{"damage":0,"enemies":"3 Cultists","floor":29,"turns":1},{"damage":4,"enemies":"Gremlin Leader","floor":30,"turns":2},{"damage":11,"enemies":"Collector","floor":33,"turns":6},{"damage":4,"enemies":"Orb Walker","floor":35,"turns":3},{"damage":0,"enemies":"Mind Bloom Boss Battle","floor":36,"turns":4},{"damage":0,"enemies":"3 Darklings","floor":39,"turns":2},{"damage":0,"enemies":"Giant Head","floor":40,"turns":7},{"damage":0,"enemies":"Spire Growth","floor":45,"turns":5},{"damage":0,"enemies":"Maw","floor":46,"turns":8},{"damage":1,"enemies":"Jaw Worm Horde","floor":47,"turns":4},{"damage":0,"enemies":"Nemesis","floor":48,"turns":4},{"damage":18,"enemies":"Awakened One","floor":50,"turns":16},{"damage":12,"enemies":"Shield and Spear","floor":54,"turns":6},{"damage":43,"enemies":"The Heart","floor":55,"turns":11}],"seed_played":"-6627624588249108869","potions_obtained":[{"floor":8,"key":"FocusPotion"},{"floor":14,"key":"Regen Potion"},{"floor":16,"key":"Explosive Potion"},{"floor":18,"key":"GamblersBrew"},{"floor":33,"key":"PowerPotion"},{"floor":46,"key":"Ancient Potion"}],"is_trial":false,"path_per_floor":["M","$","?","$","?","E","R","M","T","M","M","R","M","E","R","B",null,"M","$","$","?","?","E","R","E","T","R","M","M","E","?","R","B",null,"M","?","$","?","M","E","R","$","T","R","M","M","M","E","R","B",null,"R","$","E","B",null],"character_chosen":"DEFECT","items_purchased":["Runic Capacitor","Defragment","Turbo"],"campfire_rested":0,"item_purchase_floors":[19,20,20],"current_hp_per_floor":[64,64,69,69,34,34,34,34,34,34,34,34,34,21,21,13,60,67,67,67,46,38,38,38,48,48,48,44,44,40,40,40,36,45,48,48,48,48,48,48,48,48,48,48,48,48,47,48,48,37,45,45,45,47,12],"gold":0,"neow_bonus":"THREE_ENEMY_KILL","is_prod":false,"is_daily":false,"chose_seed":false,"campfire_upgraded":9,"win_rate":0,"timestamp":1703240811,"path_taken":["M","$","?","?","?","E","R","M","T","M","?","R","M","E","R","BOSS","M","?","$","?","?","E","R","E","T","R","M","M","E","?","R","BOSS","M","?","$","?","M","E","R","?","T","R","M","M","M","E","R","BOSS","R","$","E","BOSS"],"build_version":"2022-12-18","purchased_purges":3,"victory":true,"max_hp_per_floor":[71,71,76,76,76,76,76,76,76,76,76,76,76,76,76,76,76,76,76,76,76,38,38,38,48,48,48,48,48,48,48,48,48,48,48,48,48,48,48,48,48,48,48,48,48,48,48,48,48,48,48,48,48,48,48],"card_choices":[{"not_picked":["Rebound","Stack"],"picked":"Ball Lightning","floor":1},{"not_picked":["Go for the Eyes","Streamline"],"picked":"Hyperbeam","floor":6},{"not_picked":["Fusion","Go for the Eyes"],"picked":"Sunder","floor":8},{"not_picked":["Leap","Rip and Tear"],"picked":"Conserve Battery","floor":10},{"not_picked":["Streamline","Fusion"],"picked":"Self Repair","floor":11},{"not_picked":["Stack","Compile Driver"],"picked":"Reinforced Body","floor":13},{"not_picked":["White Noise","Darkness"],"picked":"Sunder","floor":14},{"not_picked":["Fission","Hyperbeam"],"picked":"Echo Form","floor":16},{"not_picked":["Capacitor+1","Cold Snap"],"picked":"Coolheaded","floor":18},{"not_picked":["Self Repair+1","Beam Cell","Rip and Tear"],"picked":"SKIP","floor":23},{"not_picked":["Self Repair+1","Rip and Tear"],"picked":"Beam Cell","floor":23},{"not_picked":["Beam Cell","Double Energy+1"],"picked":"Steam Power","floor":25},{"not_picked":["Leap","Steam","Stack"],"picked":"SKIP","floor":28},{"not_picked":["Coolheaded","Rip and Tear"],"picked":"Aggregate","floor":29},{"not_picked":["Go for the Eyes","Skim"],"picked":"Defragment","floor":30},{"not_picked":["Thunder Strike","Amplify"],"picked":"Biased Cognition","floor":33},{"not_picked":["Ball Lightning","Steam","Compile Driver+1"],"picked":"SKIP","floor":35},{"not_picked":["Steam+1","Electrodynamics"],"picked":"Cold Snap+1","floor":39},{"not_picked":["Leap+1","Fusion+1"],"picked":"Seek","floor":40},{"not_picked":["FTL+1","Stack"],"picked":"Glacier","floor":45},{"not_picked":["Coolheaded","Hello World"],"picked":"Defragment","floor":46},{"not_picked":["Sunder+1","Barrage","Storm"],"picked":"SKIP","floor":47},{"not_picked":["Streamline","Lockon","Cold Snap"],"picked":"SKIP","floor":48},{"not_picked":["Doom and Gloom","Gash","Ball Lightning"],"picked":"SKIP","floor":54}],"player_experience":1040536,"relics_obtained":[{"floor":6,"key":"HornCleat"},{"floor":9,"key":"Old Coin"},{"floor":14,"key":"Centennial Puzzle"},{"floor":21,"key":"Necronomicon"},{"floor":23,"key":"Regal Pillow"},{"floor":25,"key":"Pear"},{"floor":26,"key":"PreservedInsect"},{"floor":30,"key":"MawBank"},{"floor":36,"key":"Torii"},{"floor":40,"key":"CaptainsWheel"},{"floor":48,"key":"Pen Nib"},{"floor":54,"key":"Blood Vial"}],"event_choices":[{"damage_healed":0,"gold_gain":0,"player_choice":"Donut","damage_taken":0,"max_hp_gain":5,"max_hp_loss":0,"event_name":"Big Fish","floor":3,"gold_loss":0},{"damage_healed":0,"gold_gain":0,"player_choice":"Success","damage_taken":35,"relics_obtained":["StrikeDummy"],"max_hp_gain":0,"max_hp_loss":0,"event_name":"Scrap Ooze","floor":5,"gold_loss":0},{"damage_healed":0,"gold_gain":0,"player_choice":"Obtained Book","damage_taken":21,"max_hp_gain":0,"max_hp_loss":0,"event_name":"Cursed Tome","floor":21,"gold_loss":0},{"damage_healed":0,"gold_gain":0,"player_choice":"Became a Ghost","damage_taken":0,"max_hp_gain":0,"max_hp_loss":38,"event_name":"Ghosts","floor":22,"gold_loss":0,"cards_obtained":["Ghostly","Ghostly","Ghostly"]},{"damage_healed":0,"gold_gain":0,"player_choice":"Fight","damage_taken":0,"max_hp_gain":0,"max_hp_loss":0,"event_name":"MindBloom","floor":36,"gold_loss":0},{"cards_removed":["Strike_B"],"damage_healed":0,"gold_gain":0,"player_choice":"Removed Attack","damage_taken":0,"max_hp_gain":0,"max_hp_loss":0,"event_name":"Falling","floor":38,"gold_loss":0}],"is_beta":false,"boss_relics":[{"not_picked":["Tiny House","SacredBark"],"picked":"Ectoplasm"},{"not_picked":["Philosopher\u0027s Stone","Calling Bell"],"picked":"Snecko Eye"}],"items_purged_floors":[2,19,20],"is_endless":false,"potions_floor_spawned":[8,14,16,18,29,33,35,39,45,46],"ascension_level":18}