{"gold_per_floor":[114,130,73,93,107,133,58,58,58,77,77,109,109,142,142,219,219,235,235,215,228,246,246,277,295,295,329,329,329,359,374,374,452,452,472,472,147,164,178,209,227,255,255,255,255,286,53,64,64,64,64,64,64,91,91],"floor_reached":56,"playtime":33768,"items_purged":["Strike_B","Defend_B"],"score":2473,"play_id":"aa3b5475-7c12-4e4e-9119-2aa24d543c29","local_time":"20231224171016","is_ascension_mode":true,"campfire_choices":[{"data":"White Noise","floor":8,"key":"SMITH"},{"data":"Beam Cell","floor":11,"key":"SMITH"},{"data":"1","floor":13,"key":"LIFT"},{"data":"Capacitor","floor":15,"key":"SMITH"},{"data":"2","floor":23,"key":"LIFT"},{"data":"3","floor":28,"key":"LIFT"},{"floor":32,"key":"RECALL"},{"floor":44,"key":"REST"},{"floor":49,"key":"REST"},{"floor":52,"key":"REST"}],"neow_cost":"TEN_PERCENT_HP_LOSS","seed_source_timestamp":941159055402000,"circlet_count":0,"master_deck":["AscendersBane","Defend_B","Defend_B","Defend_B","Zap","Dualcast","Cold Snap","White Noise+1","Glacier","Hologram","Beam Cell+1","Compile Driver","Ball Lightning","Capacitor+1","Go for the Eyes","Consume+1","Seek+1","Coolheaded+1","Sunder","Self Repair","Double Energy+1","Stack+1","Reboot+1","Capacitor","Recycle+1","Steam Power+1","Coolheaded+1","Undo+1","Core Surge","Barrage+1","Machine Learning","Skim+1","Turbo+1","Echo Form"],"relics":["FrozenCore","Bag of Preparation","Pantograph","Girya","Toxic Egg 2","Fusion Hammer","Gremlin Horn","StoneCalendar","Bronze Scales","Blood Vial","Potion Belt","Boot","Pear","Anchor"],"potions_floor_usage":[6,14,16,22,33,54,55,55,55],"damage_taken":[{"damage":0,"enemies":"Cultist","floor":1,"turns":4},{"damage":0,"enemies":"2 Louse","floor":2,"turns":3},{"damage":5,"enemies":"Jaw Worm","floor":4,"turns":5},{"damage":1,"enemies":"Blue Slaver","floor":5,"turns":4},{"damage":21,"enemies":"3 Sentries","floor":6,"turns":10},{"damage":4,"enemies":"Looter","floor":10,"turns":3},{"damage":9,"enemies":"Gremlin Nob","floor":12,"turns":3},{"damage":0,"enemies":"3 Sentries","floor":14,"turns":6},{"damage":0,"enemies":"Slime Boss","floor":16,"turns":5},{"damage":0,"enemies":"3 Byrds","floor":18,"turns":3},{"damage":1,"enemies":"Shell Parasite","floor":21,"turns":5},{"damage":2,"enemies":"3 Cultists","floor":22,"turns":6},{"damage":0,"enemies":"Gremlin Leader","floor":24,"turns":6},{"damage":2,"enemies":"Centurion and Healer","floor":25,"turns":6},{"damage":11,"enemies":"Book of Stabbing","floor":27,"turns":6},{"damage":20,"enemies":"Slavers","floor":30,"turns":4},{"damage":6,"enemies":"Chosen and Byrds","floor":31,"turns":5},{"damage":8,"enemies":"Automaton","floor":33,"turns":10},{"damage":3,"enemies":"Orb Walker","floor":35,"turns":3},{"damage":19,"enemies":"3 Darklings","floor":38,"turns":3},{"damage":0,"enemies":"Writhing Mass","floor":39,"turns":7},{"damage":2,"enemies":"Reptomancer","floor":40,"turns":7},{"damage":0,"enemies":"Jaw Worm Horde","floor":41,"turns":3},{"damage":0,"enemies":"Nemesis","floor":42,"turns":7},{"damage":0,"enemies":"Giant Head","floor":46,"turns":9},{"damage":13,"enemies":"Transient","floor":48,"turns":6},{"damage":17,"enemies":"Awakened One","floor":50,"turns":10},{"damage":29,"enemies":"Shield and Spear","floor":54,"turns":9},{"damage":82,"enemies":"The Heart","floor":55,"turns":9}],"seed_played":"-1035420595453208599","potions_obtained":[{"floor":2,"key":"Explosive Potion"},{"floor":6,"key":"EssenceOfSteel"},{"floor":16,"key":"Fire Potion"},{"floor":18,"key":"Fire Potion"},{"floor":22,"key":"PotionOfCapacity"},{"floor":24,"key":"FairyPotion"},{"floor":29,"key":"FocusPotion"},{"floor":40,"key":"Energy Potion"},{"floor":41,"key":"Swift Potion"},{"floor":54,"key":"PowerPotion"}],"is_trial":false,"path_per_floor":["M","M","$","M","M","E","$","R","T","M","R","E","R","E","R","B",null,"M","?","?","M","M","R","E","M","T","E","R","?","E","M","R","B",null,"M","?","$","M","M","E","M","E","T","R","?","E","$","M","R","B",null,"R","$","E","B",null],"character_chosen":"DEFECT","items_purchased":["AttackPotion","Steam Power+1","Coolheaded+1","PotionOfCapacity","Turbo+1","Echo Form"],"campfire_rested":3,"item_purchase_floors":[3,37,37,37,47,47],"current_hp_per_floor":[64,64,64,59,58,37,37,37,37,33,33,24,24,24,24,49,60,60,43,43,42,40,40,40,45,45,41,41,41,28,31,31,57,66,69,69,69,50,59,66,69,69,69,69,66,76,76,70,76,66,74,76,76,54,19],"gold":91,"neow_bonus":"TRANSFORM_TWO_CARDS","is_prod":false,"is_daily":false,"chose_seed":false,"campfire_upgraded":3,"win_rate":0,"timestamp":1703466616,"path_taken":["M","M","?","M","M","E","$","R","T","M","R","E","R","E","R","BOSS","M","?","?","M","?","R","E","M","T","E","R","?","E","M","R","BOSS","M","?","$","M","M","E","?","E","T","R","?","E","$","M","R","BOSS","R","$","E","BOSS"],"build_version":"2022-12-18","purchased_purges":2,"victory":true,"max_hp_per_floor":[64,64,64,64,64,64,64,64,64,64,64,64,64,64,64,64,64,64,69,69,69,69,69,69,69,69,69,69,69,69,69,69,69,69,69,69,69,69,69,69,69,69,69,69,66,76,76,76,76,76,76,76,76,76,76],"card_choices":[{"not_picked":["Compile Driver","Leap"],"picked":"Glacier","floor":1},{"not_picked":["Double Energy","Force Field"],"picked":"Hologram","floor":2},{"not_picked":["Redo","Coolheaded"],"picked":"Beam Cell","floor":4},{"not_picked":["Static Discharge","Steam Power"],"picked":"Compile Driver","floor":5},{"not_picked":["Recycle","Auto Shields"],"picked":"Ball Lightning","floor":6},{"not_picked":["Redo","Force Field"],"picked":"Capacitor","floor":10},{"not_picked":["Beam Cell","Turbo"],"picked":"Go for the Eyes","floor":12},{"not_picked":["Rainbow+1","Darkness+1"],"picked":"Consume+1","floor":14},{"not_picked":["Multi-Cast+1","Meteor Strike"],"picked":"Seek+1","floor":16},{"not_picked":["Sweeping Beam","Hello World","Leap+1"],"picked":"SKIP","floor":18},{"not_picked":["Cold Snap","Double Energy+1"],"picked":"Coolheaded+1","floor":21},{"not_picked":["Compile Driver+1","Leap+1"],"picked":"Sunder","floor":22},{"not_picked":["Cold Snap","Scrape+1"],"picked":"Self Repair","floor":24},{"not_picked":["Hologram+1","Reinforced Body+1"],"picked":"Double Energy+1","floor":25},{"not_picked":["Multi-Cast+1","All For One","Rebound"],"picked":"SKIP","floor":27},{"not_picked":["Double Energy+1","Hello World","Beam Cell"],"picked":"SKIP","floor":30},{"not_picked":["Steam+1","Redo+1"],"picked":"Stack+1","floor":31},{"not_picked":["Meteor Strike","Buffer"],"picked":"Reboot+1","floor":33},{"not_picked":["Barrage+1","Beam Cell"],"picked":"Capacitor","floor":35},{"not_picked":["Leap+1","Loop","Gash+1"],"picked":"SKIP","floor":38},{"not_picked":["Rip and Tear","Melter"],"picked":"Undo+1","floor":39},{"not_picked":["Sweeping Beam+1","Fusion+1"],"picked":"Core Surge","floor":40},{"not_picked":["Cold Snap","Sweeping Beam"],"picked":"Barrage+1","floor":41},{"not_picked":["Doom and Gloom","Rebound"],"picked":"Machine Learning","floor":42},{"not_picked":["FTL","Sweeping Beam"],"picked":"Skim+1","floor":46},{"not_picked":["Conserve Battery+1","Melter","Stack+1"],"picked":"SKIP","floor":48},{"not_picked":["Sweeping Beam","Lockon","Ball Lightning"],"picked":"SKIP","floor":54}],"player_experience":1060612,"relics_obtained":[{"floor":6,"key":"Bag of Preparation"},{"floor":9,"key":"Pantograph"},{"floor":12,"key":"Girya"},{"floor":14,"key":"Toxic Egg 2"},{"floor":24,"key":"Gremlin Horn"},{"floor":26,"key":"StoneCalendar"},{"floor":27,"key":"Bronze Scales"},{"floor":30,"key":"Blood Vial"},{"floor":40,"key":"Potion Belt"},{"floor":42,"key":"Boot"},{"floor":46,"key":"Pear"},{"floor":54,"key":"Anchor"}],"event_choices":[{"damage_healed":0,"gold_gain":0,"player_choice":"Shed Blood","damage_taken":22,"max_hp_gain":5,"max_hp_loss":0,"event_name":"Forgotten Altar","floor":19,"gold_loss":0},{"damage_healed":0,"gold_gain":0,"player_choice":"Bought 1 Potion","damage_taken":0,"max_hp_gain":0,"max_hp_loss":0,"event_name":"The Woman in Blue","floor":20,"gold_loss":0},{"damage_healed":0,"gold_gain":0,"player_choice":"Got Potions","damage_taken":0,"max_hp_gain":0,"max_hp_loss":0,"event_name":"Lab","floor":29,"gold_loss":0},{"damage_healed":0,"gold_gain":0,"cards_transformed":["Strike_B"],"player_choice":"Transformed","damage_taken":0,"max_hp_gain":0,"max_hp_loss":0,"event_name":"Transmorgrifier","floor":36,"gold_loss":0,"cards_obtained":["Recycle"]},{"damage_healed":0,"gold_gain":0,"player_choice":"Max HP","damage_taken":0,"max_hp_gain":0,"max_hp_loss":3,"event_name":"Winding Halls","floor":45,"gold_loss":0}],"is_beta":false,"boss_relics":[{"not_picked":["Black Star","Ectoplasm"],"picked":"Fusion Hammer"},{"not_picked":["Pandora\u0027s Box","Astrolabe"],"picked":"FrozenCore"}],"items_purged_floors":[7,37],"is_endless":false,"potions_floor_spawned":[2,5,6,16,18,22,24,30,39,40,41,54],"ascension_level":19}