{"gold_per_floor":[209,229,0,50,61,61,79,110,110,110,129,129,129,144,144,218,218,228,58,58,69,49,49,66,77,77,77,94,94],"floor_reached":29,"playtime":782,"items_purged":["Strike_B"],"score":431,"play_id":"fab80318-a3c6-4236-8b5f-a76f497ecd0b","local_time":"20231222014519","is_ascension_mode":true,"campfire_choices":[{"data":"Sunder","floor":6,"key":"SMITH"},{"data":"Doom and Gloom","floor":10,"key":"SMITH"},{"data":"Reboot","floor":13,"key":"SMITH"},{"data":"Dualcast","floor":15,"key":"SMITH"},{"data":"Defragment","floor":23,"key":"SMITH"},{"floor":27,"key":"REST"}],"neow_cost":"NONE","seed_source_timestamp":746513543791200,"circlet_count":0,"master_deck":["AscendersBane","Strike_B+1","Strike_B+1","Strike_B+1","Defend_B+1","Defend_B+1","Defend_B+1","Defend_B+1","Zap","Dualcast+1","Ball Lightning","Leap","Sunder+1","Doom and Gloom+1","Ball Lightning","Reboot+1","Echo Form","Stack","Biased Cognition","Go for the Eyes+1","Glacier","Defragment+1","Turbo","Coolheaded","Skim"],"relics":["Cracked Core","Shuriken","Bottled Tornado","Runic Dome","Ornamental Fan"],"potions_floor_usage":[16,16,25,29],"damage_taken":[{"damage":7,"enemies":"Jaw Worm","floor":1,"turns":3},{"damage":1,"enemies":"Cultist","floor":2,"turns":3},{"damage":0,"enemies":"2 Louse","floor":5,"turns":2},{"damage":3,"enemies":"Blue Slaver","floor":7,"turns":3},{"damage":16,"enemies":"3 Sentries","floor":8,"turns":5},{"damage":12,"enemies":"Large Slime","floor":11,"turns":4},{"damage":0,"enemies":"Lots of Slimes","floor":14,"turns":1},{"damage":7,"enemies":"The Guardian","floor":16,"turns":7},{"damage":29,"enemies":"2 Thieves","floor":18,"turns":3},{"damage":0,"enemies":"Spheric Guardian","floor":21,"turns":3},{"damage":13,"enemies":"Shelled Parasite and Fungi","floor":24,"turns":4},{"damage":0,"enemies":"Chosen and Byrds","floor":25,"turns":3},{"damage":25,"enemies":"Centurion and Healer","floor":28,"turns":3},{"damage":18,"enemies":"Gremlin Leader","floor":29,"turns":1}],"seed_played":"-7793819565880251787","potions_obtained":[{"floor":2,"key":"Regen Potion"},{"floor":11,"key":"PowerPotion"},{"floor":16,"key":"DuplicationPotion"},{"floor":21,"key":"AttackPotion"},{"floor":25,"key":"Fire Potion"}],"is_trial":false,"path_per_floor":["M","M","$","?","M","R","M","E","T","R","M","?","R","M","R","B",null,"M","$","?","M","?","R","M","M","T","R","M","E"],"character_chosen":"DEFECT","items_purchased":["Sunder","Doom and Gloom","Glacier","Defragment"],"campfire_rested":1,"item_purchase_floors":[3,3,19,19],"current_hp_per_floor":[57,56,56,56,56,56,53,37,37,37,25,25,25,25,25,33,62,33,33,33,33,33,33,20,20,20,41,16,0],"gold":94,"neow_bonus":"HUNDRED_GOLD","is_prod":false,"is_daily":false,"chose_seed":false,"campfire_upgraded":5,"win_rate":0,"timestamp":1703238319,"path_taken":["M","M","$","?","M","R","M","E","T","R","?","?","R","M","R","BOSS","M","$","?","M","?","R","M","M","T","R","?","E"],"build_version":"2022-12-18","purchased_purges":1,"victory":false,"max_hp_per_floor":[71,71,71,71,71,71,71,71,71,71,71,71,71,71,71,71,71,71,71,71,71,71,71,71,71,71,71,71,71],"card_choices":[{"not_picked":["Barrage","Sweeping Beam"],"picked":"Ball Lightning","floor":1},{"not_picked":["Sweeping Beam","Compile Driver"],"picked":"Leap","floor":2},{"not_picked":["Stack","Recycle"],"picked":"Ball Lightning","floor":5},{"not_picked":["Tempest","Capacitor"],"picked":"Reboot","floor":7},{"not_picked":["Gash","Meteor Strike"],"picked":"Echo Form","floor":8},{"not_picked":["Cold Snap","Lockon","Static Discharge"],"picked":"SKIP","floor":11},{"not_picked":["Steam","Loop"],"picked":"Stack","floor":14},{"not_picked":["Seek","All For One"],"picked":"Biased Cognition","floor":16},{"not_picked":["Hologram","Stack"],"picked":"Go for the Eyes+1","floor":18},{"not_picked":["Gash","Cold Snap"],"picked":"Turbo","floor":21},{"not_picked":["Loop","Steam"],"picked":"Coolheaded","floor":24},{"not_picked":["Capacitor","Glacier"],"picked":"Skim","floor":25},{"not_picked":["Streamline","Steam Power","Gash"],"picked":"SKIP","floor":28}],"player_experience":1039410,"relics_obtained":[{"floor":8,"key":"Shuriken"},{"floor":9,"key":"Bottled Tornado"},{"floor":26,"key":"Ornamental Fan"}],"event_choices":[{"damage_healed":0,"gold_gain":50,"player_choice":"Pray","damage_taken":0,"max_hp_gain":0,"max_hp_loss":0,"event_name":"Golden Shrine","floor":4,"gold_loss":0},{"damage_healed":0,"gold_gain":0,"player_choice":"Ignored","damage_taken":0,"max_hp_gain":0,"max_hp_loss":0,"event_name":"Liars Game","floor":12,"gold_loss":0},{"damage_healed":0,"gold_gain":0,"player_choice":"Simplicity","damage_taken":0,"max_hp_gain":0,"max_hp_loss":0,"event_name":"Back to Basics","floor":20,"gold_loss":0,"cards_upgraded":["Strike_B","Strike_B","Strike_B","Defend_B","Defend_B","Defend_B","Defend_B"]},{"damage_healed":0,"gold_gain":0,"player_choice":"Bought 1 Potion","damage_taken":0,"max_hp_gain":0,"max_hp_loss":0,"event_name":"The Woman in Blue","floor":22,"gold_loss":0}],"is_beta":false,"boss_relics":[{"not_picked":["Velvet Choker","Tiny House"],"picked":"Runic Dome"}],"items_purged_floors":[3],"is_endless":false,"potions_floor_spawned":[2,11,14,16,21,25],"killed_by":"Gremlin Leader","ascension_level":18}