{"gold_per_floor":[119,137,7,17,17,17,47,47,71,71,82,32,48,48],"floor_reached":14,"playtime":344,"items_purged":["Strike_B","Strike_B"],"score":171,"play_id":"e30bac66-f020-4305-9df0-dc2431456309","local_time":"20231222015114","is_ascension_mode":true,"campfire_choices":[{"data":"Defragment","floor":6,"key":"SMITH"},{"data":"Defragment","floor":8,"key":"SMITH"}],"neow_cost":"NONE","seed_source_timestamp":747305657353800,"circlet_count":0,"master_deck":["AscendersBane","Strike_B","Defend_B","Defend_B","Defend_B","Defend_B","Zap","Dualcast","Gash","Genetic Algorithm","Defragment+1","Defragment+1","Ball Lightning","Sunder"],"relics":["Cracked Core","Smiling Mask","MealTicket","Ancient Tea Set"],"potions_floor_usage":[7,11,13],"damage_taken":[{"damage":0,"enemies":"Cultist","floor":1,"turns":3},{"damage":2,"enemies":"Small Slimes","floor":2,"turns":4},{"damage":5,"enemies":"2 Louse","floor":4,"turns":3},{"damage":57,"enemies":"3 Sentries","floor":7,"turns":8},{"damage":4,"enemies":"Red Slaver","floor":11,"turns":3},{"damage":0,"enemies":"Blue Slaver","floor":13,"turns":3},{"damage":16,"enemies":"3 Sentries","floor":14,"turns":2}],"seed_played":"1938795308034203765","potions_obtained":[{"floor":2,"key":"SpeedPotion"},{"floor":4,"key":"Energy Potion"},{"floor":7,"key":"Explosive Potion"}],"is_trial":false,"path_per_floor":["M","M","$","M","?","R","E","R","T","?","M","$","M","?"],"character_chosen":"DEFECT","items_purchased":["Defragment"],"campfire_rested":0,"item_purchase_floors":[3],"current_hp_per_floor":[64,62,62,57,62,62,5,5,5,5,1,16,16,0],"gold":48,"neow_bonus":"RANDOM_COMMON_RELIC","is_prod":false,"is_daily":false,"chose_seed":false,"campfire_upgraded":2,"win_rate":0,"timestamp":1703238674,"path_taken":["M","?","$","M","?","R","E","R","T","?","?","$","M","?"],"build_version":"2022-12-18","purchased_purges":2,"victory":false,"max_hp_per_floor":[71,71,71,71,76,76,76,76,76,76,76,76,76,76],"card_choices":[{"not_picked":["Stack","Skim"],"picked":"Gash","floor":1},{"not_picked":["Streamline","Steam"],"picked":"Genetic Algorithm","floor":2},{"not_picked":["Hologram","Go for the Eyes"],"picked":"Defragment","floor":4},{"not_picked":["Barrage","All For One"],"picked":"Ball Lightning","floor":7},{"not_picked":["Tempest","Recycle","Barrage"],"picked":"SKIP","floor":11},{"not_picked":["Compile Driver","Leap"],"picked":"Sunder","floor":13}],"player_experience":1040192,"relics_obtained":[{"floor":7,"key":"MealTicket"},{"floor":9,"key":"Ancient Tea Set"}],"event_choices":[{"damage_healed":0,"gold_gain":0,"player_choice":"Donut","damage_taken":0,"max_hp_gain":5,"max_hp_loss":0,"event_name":"Big Fish","floor":5,"gold_loss":0},{"cards_removed":["Strike_B"],"damage_healed":0,"gold_gain":0,"player_choice":"Card Removal","damage_taken":0,"max_hp_gain":0,"max_hp_loss":0,"event_name":"Wheel of Change","floor":10,"gold_loss":0},{"damage_healed":0,"gold_gain":0,"player_choice":"Searched \u00271\u0027 times","damage_taken":0,"max_hp_gain":0,"max_hp_loss":0,"event_name":"Dead Adventurer","floor":14,"gold_loss":0}],"is_beta":false,"boss_relics":[],"items_purged_floors":[3,12],"is_endless":false,"potions_floor_spawned":[2,4,7],"killed_by":"3 Sentries","ascension_level":18}