{"gold_per_floor":[109,125,138,158,174,174,7,7],"floor_reached":8,"playtime":355,"items_purged":[],"score":95,"play_id":"09faf1a2-754a-4cec-bcf3-aa392d749493","local_time":"20231220142942","is_ascension_mode":true,"campfire_choices":[{"data":"Sweeping Beam","floor":6,"key":"SMITH"}],"neow_cost":"TEN_PERCENT_HP_LOSS","seed_source_timestamp":619999551762800,"circlet_count":0,"master_deck":["AscendersBane","Strike_B","Strike_B","Strike_B","Strike_B","Defend_B","Defend_B","Defend_B","Defend_B","Zap","Dualcast","Machine Learning","Skim","Sweeping Beam+1","Turbo","Glacier","Cold Snap","Hyperbeam","Beam Cell","Conserve Battery"],"relics":["Cracked Core","Orrery"],"potions_floor_usage":[8],"damage_taken":[{"damage":8,"enemies":"Cultist","floor":1,"turns":5},{"damage":4,"enemies":"Small Slimes","floor":2,"turns":4},{"damage":2,"enemies":"Jaw Worm","floor":3,"turns":4},{"damage":7,"enemies":"Looter","floor":4,"turns":3},{"damage":19,"enemies":"Exordium Wildlife","floor":5,"turns":5},{"damage":24,"enemies":"Lagavulin","floor":8,"turns":7}],"seed_played":"8408573674024103098","potions_obtained":[{"floor":1,"key":"Explosive Potion"},{"floor":2,"key":"SkillPotion"}],"is_trial":false,"path_per_floor":["M","M","M","M","M","R","$","E"],"character_chosen":"DEFECT","items_purchased":["Orrery"],"campfire_rested":0,"item_purchase_floors":[7],"current_hp_per_floor":[56,52,50,43,24,24,24,0],"gold":7,"neow_bonus":"THREE_RARE_CARDS","is_prod":false,"is_daily":false,"chose_seed":false,"campfire_upgraded":1,"win_rate":0,"timestamp":1703111382,"path_taken":["M","M","M","M","?","R","$","E"],"build_version":"2022-12-18","purchased_purges":0,"victory":false,"max_hp_per_floor":[64,64,64,64,64,64,64,64],"card_choices":[{"not_picked":["Buffer","Rainbow"],"picked":"Machine Learning","floor":0},{"not_picked":["Leap","Capacitor"],"picked":"Skim","floor":1},{"not_picked":["Compile Driver","Reinforced Body"],"picked":"Sweeping Beam","floor":2},{"not_picked":["Steam Power","Barrage","Loop"],"picked":"SKIP","floor":3},{"not_picked":["Sweeping Beam","Conserve Battery"],"picked":"Turbo","floor":4},{"not_picked":["Go for the Eyes","Skim"],"picked":"Glacier","floor":5},{"not_picked":["Streamline","Steam"],"picked":"Cold Snap","floor":7},{"not_picked":["Chaos","Rebound"],"picked":"Hyperbeam","floor":7},{"not_picked":["Stack","Fusion"],"picked":"Beam Cell","floor":7},{"not_picked":["Heatsinks","Streamline"],"picked":"Conserve Battery","floor":7}],"player_experience":1035914,"relics_obtained":[],"event_choices":[],"is_beta":false,"boss_relics":[],"items_purged_floors":[],"is_endless":false,"potions_floor_spawned":[1,2,4],"killed_by":"Lagavulin","ascension_level":18}