{"gold_per_floor":[19,19,94,107,52,52,52,52,121,161,161,200,225,239,239,338,338,354,369,236,236,52,52,75,75,75,18,18,54,70,109,109,109],"floor_reached":33,"playtime":1145,"items_purged":["Strike_B","Strike_B"],"score":553,"play_id":"8735681b-3e72-42c9-88f9-2ead9ef3e81a","local_time":"20231222013201","is_ascension_mode":true,"campfire_choices":[{"data":"Reprogram","floor":6,"key":"SMITH"},{"data":"Hologram","floor":8,"key":"SMITH"},{"data":"Buffer","floor":11,"key":"SMITH"},{"data":"Beam Cell","floor":15,"key":"SMITH"},{"data":"Reprogram","floor":23,"key":"SMITH"},{"data":"Hologram","floor":25,"key":"SMITH"},{"floor":28,"key":"REST"},{"floor":32,"key":"REST"}],"neow_cost":"NO_GOLD","seed_source_timestamp":745351981594100,"circlet_count":0,"master_deck":["AscendersBane","Strike_B","Strike_B","Defend_B","Defend_B","Defend_B","Defend_B","Dualcast","Buffer+1","Hologram+1","Reprogram+1","Go for the Eyes","Sweeping Beam","Reinforced Body","Beam Cell+1","All For One","Go for the Eyes","Reprogram+1","Hologram+1","Rebound+1","Steam","Sweeping Beam","Self Repair"],"relics":["Cracked Core","Golden Idol","Mercury Hourglass","Symbiotic Virus","Question Card","Philosopher\u0027s Stone","Toy Ornithopter","Art of War"],"potions_floor_usage":[10,12,16,16,31,31],"damage_taken":[{"damage":6,"enemies":"2 Louse","floor":1,"turns":2},{"damage":0,"enemies":"Small Slimes","floor":4,"turns":3},{"damage":6,"enemies":"3 Sentries","floor":10,"turns":9},{"damage":9,"enemies":"Gremlin Nob","floor":12,"turns":4},{"damage":0,"enemies":"Cultist","floor":13,"turns":4},{"damage":6,"enemies":"Lots of Slimes","floor":14,"turns":3},{"damage":18,"enemies":"Hexaghost","floor":16,"turns":7},{"damage":16,"enemies":"2 Thieves","floor":18,"turns":3},{"damage":0,"enemies":"Spheric Guardian","floor":19,"turns":3},{"damage":0,"enemies":"Chosen and Byrds","floor":24,"turns":4},{"damage":26,"enemies":"Book of Stabbing","floor":29,"turns":5},{"damage":14,"enemies":"Cultist and Chosen","floor":30,"turns":7},{"damage":15,"enemies":"Slavers","floor":31,"turns":4},{"damage":29,"enemies":"Collector","floor":33,"turns":7}],"seed_played":"-8536469375364746797","potions_obtained":[{"floor":10,"key":"PowerPotion"},{"floor":12,"key":"FearPotion"},{"floor":14,"key":"DistilledChaos"},{"floor":16,"key":"PotionOfCapacity"},{"floor":24,"key":"Explosive Potion"},{"floor":30,"key":"AttackPotion"}],"is_trial":false,"path_per_floor":["M","?","?","M","$","R","?","R","T","E","R","E","M","M","R","B",null,"M","M","$","?","$","R","M","R","T","$","R","E","M","E","R","B"],"character_chosen":"DEFECT","items_purchased":["Fire Potion","Hologram","DuplicationPotion","Steam"],"campfire_rested":2,"item_purchase_floors":[5,20,22,27],"current_hp_per_floor":[58,58,47,47,47,47,47,47,47,41,41,32,32,26,26,8,50,34,34,34,34,34,34,34,34,34,34,53,27,13,8,27,0],"gold":109,"neow_bonus":"THREE_RARE_CARDS","is_prod":false,"is_daily":false,"chose_seed":false,"campfire_upgraded":6,"win_rate":0,"timestamp":1703237521,"path_taken":["M","?","?","M","$","R","?","R","T","E","R","E","M","M","R","BOSS","M","?","?","?","?","R","M","R","T","$","R","E","M","E","R","BOSS"],"build_version":"2022-12-18","purchased_purges":2,"victory":false,"max_hp_per_floor":[71,64,64,64,64,64,64,64,64,64,64,64,64,64,64,64,64,64,64,64,64,64,64,64,64,64,64,64,64,64,64,64,64],"card_choices":[{"not_picked":["Machine Learning","Thunder Strike"],"picked":"Buffer","floor":0},{"not_picked":["Redo","Go for the Eyes"],"picked":"Hologram","floor":1},{"not_picked":["Consume","Redo"],"picked":"Reprogram","floor":4},{"not_picked":["Chaos","Machine Learning"],"picked":"Go for the Eyes","floor":10},{"not_picked":["Storm","Lockon"],"picked":"Sweeping Beam","floor":12},{"not_picked":["Defragment","Fusion","Turbo"],"picked":"Reinforced Body","floor":13},{"not_picked":["Coolheaded","Cold Snap","Scrape"],"picked":"Beam Cell","floor":14},{"not_picked":["Multi-Cast","Thunder Strike","Seek"],"picked":"All For One","floor":16},{"not_picked":["White Noise","Stack","Coolheaded"],"picked":"Go for the Eyes","floor":18},{"not_picked":["Darkness","Defragment+1","Compile Driver"],"picked":"Reprogram","floor":19},{"not_picked":["Ball Lightning","Hello World","Chill"],"picked":"Rebound+1","floor":24},{"not_picked":["Cold Snap","Rebound","Gash","Rainbow"],"picked":"SKIP","floor":29},{"not_picked":["Consume","Turbo","Streamline+1"],"picked":"Sweeping Beam","floor":30},{"not_picked":["Sweeping Beam","Cold Snap","Coolheaded"],"picked":"Self Repair","floor":31}],"player_experience":1038265,"relics_obtained":[{"floor":9,"key":"Mercury Hourglass"},{"floor":10,"key":"Symbiotic Virus"},{"floor":12,"key":"Question Card"},{"floor":29,"key":"Toy Ornithopter"},{"floor":31,"key":"Art of War"}],"event_choices":[{"damage_healed":0,"gold_gain":0,"player_choice":"Lose Max HP","damage_taken":0,"relics_obtained":["Golden Idol"],"max_hp_gain":0,"max_hp_loss":7,"event_name":"Golden Idol","floor":2,"gold_loss":0},{"damage_healed":0,"gold_gain":75,"player_choice":"Gather Gold","damage_taken":11,"max_hp_gain":0,"max_hp_loss":0,"event_name":"World of Goop","floor":3,"gold_loss":0},{"cards_removed":["Zap"],"damage_healed":0,"gold_gain":0,"player_choice":"Purged","damage_taken":0,"max_hp_gain":0,"max_hp_loss":0,"event_name":"Purifier","floor":7,"gold_loss":0},{"damage_healed":0,"gold_gain":0,"player_choice":"Ignored","damage_taken":0,"max_hp_gain":0,"max_hp_loss":0,"event_name":"Cursed Tome","floor":21,"gold_loss":0}],"is_beta":false,"boss_relics":[{"not_picked":["Snecko Eye","Fusion Hammer"],"picked":"Philosopher\u0027s Stone"}],"items_purged_floors":[20,22],"is_endless":false,"potions_floor_spawned":[10,12,14,16,24,30],"killed_by":"Collector","ascension_level":18}