{"gold_per_floor":[119,131,54,54,72,106,106,132,132,151,151,165,194,209,209,286,286,297,297,58,75,87,87,133,133,133,145,159,159],"floor_reached":29,"playtime":1191,"items_purged":[],"score":469,"play_id":"532889d3-5a37-4caa-bfae-8f5c3c2938a5","local_time":"20231220164146","is_ascension_mode":true,"campfire_choices":[{"data":"Defragment","floor":7,"key":"SMITH"},{"data":"Coolheaded","floor":11,"key":"SMITH"},{"data":"Dualcast","floor":15,"key":"SMITH"},{"data":"Creative AI","floor":23,"key":"SMITH"},{"floor":25,"key":"REST"}],"neow_cost":"NONE","seed_source_timestamp":627072638054900,"circlet_count":0,"master_deck":["AscendersBane","Strike_B","Strike_B","Defend_B","Defend_B","Defend_B","Defend_B","Zap","Dualcast+1","Cold Snap","Steam","Defragment+1","Blizzard","Ball Lightning","Coolheaded+1","Steam","Ball Lightning","Hologram","Creative AI+1","Defragment","Heatsinks"],"relics":["Cracked Core","NeowsBlessing","Pen Nib","Bottled Tornado","Nunchaku","Nuclear Battery","Bag of Preparation","Oddly Smooth Stone","Pear"],"potions_floor_usage":[6,8,29,29],"damage_taken":[{"damage":0,"enemies":"Small Slimes","floor":1,"turns":1},{"damage":0,"enemies":"Cultist","floor":2,"turns":1},{"damage":0,"enemies":"2 Louse","floor":5,"turns":1},{"damage":8,"enemies":"Lagavulin","floor":6,"turns":6},{"damage":25,"enemies":"3 Sentries","floor":8,"turns":6},{"damage":0,"enemies":"Blue Slaver","floor":10,"turns":2},{"damage":4,"enemies":"Exordium Wildlife","floor":12,"turns":3},{"damage":3,"enemies":"Lagavulin","floor":13,"turns":7},{"damage":0,"enemies":"2 Fungi Beasts","floor":14,"turns":2},{"damage":14,"enemies":"The Guardian","floor":16,"turns":10},{"damage":4,"enemies":"3 Byrds","floor":18,"turns":5},{"damage":15,"enemies":"2 Thieves","floor":21,"turns":4},{"damage":21,"enemies":"Centurion and Healer","floor":22,"turns":6},{"damage":4,"enemies":"Snake Plant","floor":27,"turns":4},{"damage":17,"enemies":"Snecko","floor":28,"turns":5},{"damage":28,"enemies":"Slavers","floor":29,"turns":4}],"seed_played":"-8621333419693882518","potions_obtained":[{"floor":5,"key":"LiquidMemories"},{"floor":6,"key":"ColorlessPotion"},{"floor":10,"key":"PotionOfCapacity"},{"floor":12,"key":"FocusPotion"}],"is_trial":false,"path_per_floor":["M","M","$","?","M","E","R","E","T","M","R","M","E","M","R","B",null,"M","?","$","M","M","R","T","R","T","M","M","E"],"character_chosen":"DEFECT","items_purchased":["Defragment","Defragment","Bag of Preparation"],"campfire_rested":1,"item_purchase_floors":[3,20,20],"current_hp_per_floor":[64,64,64,64,64,56,56,31,31,31,31,27,24,24,24,10,56,52,52,52,37,16,16,16,37,47,43,26,0],"gold":159,"neow_bonus":"THREE_ENEMY_KILL","is_prod":false,"is_daily":false,"chose_seed":false,"campfire_upgraded":4,"win_rate":0,"timestamp":1703119306,"path_taken":["M","M","$","?","?","E","R","E","T","M","R","M","E","M","R","BOSS","M","?","$","?","M","R","?","R","T","?","M","E"],"build_version":"2022-12-18","purchased_purges":0,"victory":false,"max_hp_per_floor":[71,71,71,71,71,71,71,71,71,71,71,71,71,71,71,71,71,71,71,71,71,71,71,71,71,81,81,81,81],"card_choices":[{"not_picked":["Redo","Stack"],"picked":"Cold Snap","floor":1},{"not_picked":["Gash","Chaos"],"picked":"Steam","floor":2},{"not_picked":["Genetic Algorithm","Leap"],"picked":"Ball Lightning","floor":5},{"not_picked":["Streamline","Steam Power","Darkness"],"picked":"SKIP","floor":6},{"not_picked":["Cold Snap","Buffer","Chaos"],"picked":"SKIP","floor":8},{"not_picked":["Steam","Gash"],"picked":"Coolheaded","floor":10},{"not_picked":["Cold Snap","Beam Cell"],"picked":"Steam","floor":12},{"not_picked":["Barrage","Streamline"],"picked":"Ball Lightning","floor":13},{"not_picked":["White Noise","Sweeping Beam"],"picked":"Hologram","floor":14},{"not_picked":["Machine Learning","Meteor Strike"],"picked":"Creative AI","floor":16},{"not_picked":["Ball Lightning","Barrage","Beam Cell"],"picked":"SKIP","floor":18},{"not_picked":["Force Field","Stack"],"picked":"Heatsinks","floor":21},{"not_picked":["Leap","Multi-Cast","Streamline+1"],"picked":"SKIP","floor":22},{"not_picked":["Reprogram","Gash","Go for the Eyes"],"picked":"SKIP","floor":27},{"not_picked":["Sweeping Beam","Sunder","Ball Lightning"],"picked":"SKIP","floor":28}],"player_experience":1036269,"relics_obtained":[{"floor":6,"key":"Pen Nib"},{"floor":8,"key":"Bottled Tornado"},{"floor":13,"key":"Nunchaku"},{"floor":24,"key":"Oddly Smooth Stone"},{"floor":26,"key":"Pear"}],"event_choices":[{"damage_healed":0,"gold_gain":0,"cards_transformed":["Strike_B"],"player_choice":"Transformed","damage_taken":0,"max_hp_gain":0,"max_hp_loss":0,"event_name":"Transmorgrifier","floor":4,"gold_loss":0,"cards_obtained":["Blizzard"]},{"cards_removed":["Strike_B"],"damage_healed":0,"gold_gain":0,"player_choice":"Purged","damage_taken":0,"max_hp_gain":0,"max_hp_loss":0,"event_name":"Purifier","floor":19,"gold_loss":0}],"is_beta":false,"boss_relics":[{"not_picked":["Empty Cage","Ectoplasm"],"picked":"Nuclear Battery"}],"items_purged_floors":[],"is_endless":false,"potions_floor_spawned":[5,6,10,12,14,21],"killed_by":"Slavers","ascension_level":18}