{"gold_per_floor":[117,40,40,40,50,76,76,87,161,161,172,205,41,17,17,95,95,112,123,156,206,206],"floor_reached":22,"playtime":715,"items_purged":["Strike_B"],"score":438,"play_id":"f25742a3-545a-4871-99a6-00bb89a12e88","local_time":"20231231234055","is_ascension_mode":true,"campfire_choices":[{"data":"Sweeping Beam","floor":7.0,"key":"SMITH"},{"data":"Buffer","floor":10.0,"key":"SMITH"},{"floor":15,"key":"REST"}],"neow_cost":"NONE","seed_source_timestamp":1603150818271200,"circlet_count":0,"master_deck":["AscendersBane","Strike_B","Strike_B","Strike_B","Defend_B","Defend_B","Defend_B","Defend_B","Zap","Dualcast","Rebound","Defragment","Auto Shields","Sweeping Beam+1","Buffer+1","Defragment","Self Repair","Coolheaded","Biased Cognition","Aggregate","Sunder+1"],"special_seed":0,"relics":["Cracked Core","NeowsBlessing","Akabeko","Matryoshka","Symbiotic Virus","Letter Opener","Shuriken","Runic Pyramid","Red Mask"],"potions_floor_usage":[12,14,19,20,22],"damage_taken":[{"damage":0.0,"enemies":"Cultist","floor":1.0,"turns":1.0},{"damage":0.0,"enemies":"Small Slimes","floor":5.0,"turns":1.0},{"damage":0.0,"enemies":"3 Sentries","floor":6.0,"turns":2.0},{"damage":0.0,"enemies":"Jaw Worm","floor":8.0,"turns":3.0},{"damage":16.0,"enemies":"Blue Slaver","floor":11.0,"turns":3.0},{"damage":11,"enemies":"Gremlin Nob","floor":12,"turns":4},{"damage":7,"enemies":"Exordium Thugs","floor":14,"turns":5},{"damage":7,"enemies":"The Guardian","floor":16,"turns":10},{"damage":35,"enemies":"3 Byrds","floor":18,"turns":5},{"damage":14,"enemies":"Shell Parasite","floor":19,"turns":5},{"damage":32,"enemies":"Masked Bandits","floor":20,"turns":3},{"damage":11,"enemies":"3 Cultists","floor":22,"turns":3}],"seed_played":"5288829774672386193","potions_obtained":[{"floor":11.0,"key":"FearPotion"},{"floor":12,"key":"BlessingOfTheForge"},{"floor":16,"key":"Regen Potion"},{"floor":18,"key":"Swift Potion"},{"floor":20,"key":"Dexterity Potion"}],"is_trial":false,"path_per_floor":["M","$","?","$","M","E","R","M","T","R","M","E","$","M","R","B",null,"M","M","?","?","M"],"character_chosen":"DEFECT","items_purchased":["Defragment","Self Repair"],"campfire_rested":1,"item_purchase_floors":[2,13],"current_hp_per_floor":[64,64,38,38,38,38,38,38,38,38,22,11,11,11,32,32,61,33,26,10,10,0],"gold":206,"neow_bonus":"THREE_ENEMY_KILL","is_prod":false,"is_daily":false,"chose_seed":false,"campfire_upgraded":2,"win_rate":0,"timestamp":1704094855,"path_taken":["M","?","?","$","M","E","R","M","T","R","M","E","$","M","R","BOSS","M","M","?","?","?"],"build_version":"2022-12-18","purchased_purges":1,"victory":false,"max_hp_per_floor":[71,71,71,71,71,71,71,71,71,71,71,71,71,71,71,71,71,71,71,71,71,71],"card_choices":[{"not_picked":["Hologram","Steam"],"picked":"Rebound","floor":1.0},{"not_picked":["Compile Driver","Conserve Battery"],"picked":"Auto Shields","floor":5.0},{"not_picked":["Rebound","Tempest"],"picked":"Sweeping Beam","floor":6.0},{"not_picked":["Cold Snap","Rip and Tear"],"picked":"Buffer","floor":8.0},{"not_picked":["Redo","Beam Cell"],"picked":"Defragment","floor":11.0},{"not_picked":["Doom and Gloom","Double Energy","Compile Driver"],"picked":"SKIP","floor":12},{"not_picked":["Self Repair","Blizzard"],"picked":"Coolheaded","floor":14},{"not_picked":["Echo Form","Buffer"],"picked":"Biased Cognition","floor":16},{"not_picked":["Sweeping Beam","Hello World"],"picked":"Aggregate","floor":18},{"not_picked":["Conserve Battery+1","Melter+1"],"picked":"Sunder+1","floor":19}],"player_experience":1148406,"relics_obtained":[{"floor":6.0,"key":"Matryoshka"},{"floor":9.0,"key":"Symbiotic Virus"},{"floor":9.0,"key":"Letter Opener"},{"floor":12,"key":"Shuriken"},{"floor":20,"key":"Red Mask"}],"event_choices":[{"damage_healed":0.0,"max_hp_gain":0.0,"max_hp_loss":0.0,"gold_gain":0.0,"event_name":"Scrap Ooze","player_choice":"Success","floor":3.0,"gold_loss":0.0,"damage_taken":26.0,"relics_obtained":["Akabeko"]},{"damage_healed":0,"gold_gain":0,"player_choice":"Fought Bandits","damage_taken":0,"max_hp_gain":0,"max_hp_loss":0,"event_name":"Masked Bandits","floor":20,"gold_loss":0},{"damage_healed":0,"gold_gain":100,"player_choice":"Bet on Murderer","damage_taken":0,"max_hp_gain":0,"max_hp_loss":0,"event_name":"The Joust","floor":21,"gold_loss":50}],"is_beta":false,"boss_relics":[{"not_picked":["Velvet Choker","Empty Cage"],"picked":"Runic Pyramid"}],"items_purged_floors":[13],"is_endless":false,"potions_floor_spawned":[11,12,16,18,20],"killed_by":"3 Cultists","ascension_level":20}